@string{SSSC = "SIAM J. Sci. Stat. Comput."}
@string{TOMS = "ACM Transactions on Mathematical Software"}
@string{SSSC = "SIAM J. Sci. Stat. Comput."}
@string{SJSC = "SIAM J. Sci. Stat. Comput."}
@string{SISC = "SIAM J. Sci. Comput."}
@string{SJNA = "SIAM J. Numer. Anal."}
@string{SJSSC = "SIAM J. Sci. Stat. Comput."}
@string{SJSC = "SIAM J. Sci. Stat. Comput."}
@string{LAA = "Lin. Alg. Appl."}
@string{MAA = "Mathematical Association of America"}
@string{MC = "Mathematics of Computation"}
@string{JCAM = "Journal of Computational and Applied Mathematics"}
@string{IJHSC = "Int. J. High Speed Comput."}
@string{JPDC = "J. Parallel Distrib. Comput."}
@string{NUMER = "Numer. Math."}
@string{ORNL = "Oak Ridge National Laboratory"}
@string{CSRD  = "Center for Supercomputing Research and Development,
University of Illinois"}
@string{PCOMP = "Parallel Computing"}
@string{ANL = "Argonne National Laboratory"}
@string{UTK = "University of Tennessee"}
@string{UT = "The University of Texas at Austin"}
@string{RAP = "Rutherford Appleton Laboratory"}
@string{JAN = "Jan."}
@string{FEB = "Feb."}
@string{MAR = "March"}
@string{APR = "April"}
@string{MAY = "May"}
@string{JUN = "June"}
@string{JUL = "July"}
@string{AUG = "Aug."}
@string{SEP = "Sept."}
@string{OCT = "Oct."}
@string{NOV = "Nov."}
@string{DEC = "Dec."}

@article{ChaLPT02,
    author = "S. Chatterjee and A. R. Lebeck and P. K. Patnala and M. Thottethodi",
    title = "Recursive array layouts and fast matrix multiplication",
    journal = "IEEE Trans. on  Parallel and Distributed Systems",
    volume = "13",
    number = "11",
    pages = "1105--1123",
    year = "2002"
}

@article{ParHP03,
    author = "N. Park and B. Hong and V. K. Prasanna",
    title = "Tiling, block data layout, and memory hierarchy performance",
    journal = "IEEE Trans. on  Parallel and Distributed Systems",
    volume = "14",
    number = "7",
    pages = "640--654",
    year = "2003"
}

@article{AndWG01,
    author = {Bjarne Stig Andersen and Jerzy Wa\'sniewski and Fred G. Gustavson},
    title  = {A recursive formulation of {Cholesky} factorization of a matrix in packed storage},
    journal = TOMS,
    volume  = "27",
    number  = "2",
    pages   = "214--244",
    year    = "2001"
}
@phdthesis{Her06,
   author = "Jos\'e Ram\'on Herrero",
   title = "A framework for efficient execution of matrix computations",
   school = "Polytechnic University of Catalonia, Spain",
   year = 2006,
}
@techreport{Str98,
    author = "Peter Strazdins",
    title = "A Comparison of Lookahead and Algorithmic Blocking Techniques for Parallel Matrix Factorization",
    number = "TR-CS-98-07",
    institution = {Department of Computer Science, The Australian National University},
    address = "{Canberra} 0200 {ACT}, {Australia}",
    year = "1998"
}
@article{AddRW03,
  author = "C. Addison and Y. Ren and M. van Waveren",
  title = "{OpenMP} Issues Arising in the Development of Parallel BLAS and LAPACK libraries" ,
  journal = {Scientific Programming},
  volume = {11},
  number = {2},
  year = {2003}
}
@BOOK{HenP03,
  author =       {J. L. Hennessy and D. A. Patterson},
  title =        {Computer Architecture: A Quantitative Approach},
  publisher =    {Morgan Kaufmann Pub.},
  address   =    {San Francisco},
  year =         {2003}
}
@article{Tom67,
  author = "R. Tomasulo",
  title = "An efficient algorithm for exploiting multiple arithmetic units",
  journal = {IBM J. of Research and Development},
  volume = {11},
  number = {1},
  year = {1967}
}
@misc{Got106,
  author = "K. Goto",
  note   = {{\tt http://www.tacc.utexas.edu/resources/software}}
}
@inproceedings{thekkath94impact,
    author = "Radhika Thekkath and Susan J. Eggers",
    title = "Impact of Sharing-Based Thread Placement on Multithreaded Architecture",
    booktitle = "Proceedings of the 21th Annual International Symposium on Computer Architecture",
    pages = "176--186",
    year = "1994",
    url = "citeseer.ist.psu.edu/thekkath94impact.html" 
}
@article{gustavson01high,
 author = {Bjarne S. Andersen and John A. Gunnels and Fred G. Gustavson and John K. Reid and Jerzy Wa\'sniewski},
 title = {A fully portable high performance minimal storage hybrid format {Cholesky} algorithm},
 journal = {ACM Trans. Math. Soft.},
 volume = {31},
 number = {2},
 year = {2005},
 issn = {0098-3500},
 pages = {201--227},
 doi = {http://doi.acm.org/10.1145/1067967.1067969},
 publisher = {ACM Press},
 address = {New York, NY, USA},
 }
@inproceedings{vonhanxleden92compiler,
    author = "Reinhard von Hanxleden and Ken Kennedy and Charles H. Koelbel and Raja Das and Joel H. Saltz",
    title = "Compiler Analysis for Irregular Problems in {Fortran} {D}",
    booktitle = "1992 Workshop on Languages and Compilers for Parallel Computing",
    number = "757",
    publisher = "Berlin: Springer Verlag",
    address = "New Haven, Conn.",
    pages = "97--111",
    year = "1992"
}
@inproceedings{263772,
 author = {Honghui Lu and Alan L. Cox and Sandhya Dwarkadas and Ramakrishnan Rajamony and Willy Zwaenepoel},
 title = {Compiler and software distributed shared memory support for irregular applications},
 booktitle = {PPOPP '97: Proceedings of the sixth ACM SIGPLAN symposium on Principles and practice of parallel programming},
 year = {1997},
 isbn = {0-89791-906-8},
 pages = {48--56},
 location = {Las Vegas, Nevada, United States},
 doi = {http://doi.acm.org/10.1145/263764.263772},
 publisher = {ACM Press},
 address = {New York, NY, USA},
 }
@TechReport{flame19,
  author =       {Paolo Bientinesi and Brian Gunter and Robert van de Geijn},
  title =        {Families of Algorithms Related to the Inversion of a Symmetric Positive Definite Matrix},
  institution =  {The University of Texas at Austin, Department of Computer Sciences},
  year =         {2006},
  OPTkey =       {},
  type =         {FLAME Working Note \#19},
  number =       {TR-2006-20},
  OPTaddress =   {},
  OPTmonth =     {},
  note =      {To appear in ACM Trans. on Mathem. Softw.},
  OPTannote =    {}
}
@inproceedings{gustavson1,
 author = {R. C. Agarwal and F. G. Gustavson},
 title = {Vector and parallel algorithms for Cholesky factorization on IBM 3090},
 booktitle = {Supercomputing '89: Proceedings of the 1989 ACM/IEEE conference on Supercomputing},
 year = {1989},
 isbn = {0-89791-341-8},
 pages = {225--233},
 location = {Reno, Nevada, United States},
 doi = {http://doi.acm.org/10.1145/76263.76287},
 publisher = {ACM Press},
 address = {New York, NY, USA},
 }
@Article{gustavson2,
  author =       {IBM},
  title =        {{IBM} {E}ngineering and {S}cientific {S}ubroutine {L}ibrary for {AIX} {V}ersion 3, {R}elease 3},
  journal =      {IBM Pub. No. SA22--7272--04},
  year =         {2001},
  OPTkey =       {},
  OPTvolume =    {},
  OPTnumber =    {},
  OPTpages =     {},
  month =        {December},
  note =         {},
  OPTannote =    {}
}
@INCOLLECTION{gustavson3,
AUTHOR = {Fred G. Gustavson and Lars Karlsson and Bo Kagstrom},
TITLE = {Three Algorithms for {C}holesky Factorization on Distributed Memory Using Packed Storage},
BOOKTITLE = {Applied Parallel Computing. State of the Art in Scientific Computing},
PUBLISHER = {Springer Berlin / Heidelberg},
PAGES = {550--559},
YEAR = 2007
}
@inproceedings{PaduaTiles,
 author = {Jia Guo and Ganesh Bikshandi and Basilio Fraguela and Maria Garzaran and David Padua},
 title = {Programming with Tiles},
 booktitle = {PPoPP '08: The 13th ACM SIGPLAN Symposium on Principles and Practice of Parallel Programming},
 year = {2008},
 address = {Salt Lake City, UT, USA},
 }

@techreport{Asanovic:EECS-2006-183,
    Author = {Asanovic, Krste and Bodik, Ras and Catanzaro, Bryan Christopher and Gebis, Joseph James and Husbands, Parry and Keutzer, Kurt and Patterson, David A. and Plishker, William Lester and Shalf, John and Williams, Samuel Webb and Yelick, Katherine A.},
    Title = {The Landscape of Parallel Computing Research: A View from Berkeley},
    Institution = {EECS Department, University of California, Berkeley},
    Year = {2006},
    Month = {Dec},
    URL = {http://www.eecs.berkeley.edu/Pubs/TechRpts/2006/EECS-2006-183.html},
    Number = {UCB/EECS-2006-183}
}
@article{Geer2005,
 author = {David Geer},
 title = {Chip makers turn to multicore processors},
 journal = {Computer},
 volume = {38},
 number = {5},
 year = {2005},
 pages = {11--13}
 }
@techreport{Volkov2008,
    Author = {Vasily Volkov and James Demmel},
    Title = {{LU}, {QR} and {C}holesky factorizations using vector capabilities
             of {GPUs}},
    Institution = {EECS Department, University of California, Berkeley},
    Year = {2008},
    Month = {May},
    Number = {UCB/EECS-2008-49},
    URL = {http://www.eecs.berkeley.edu/Pubs/TechRpts/2008/EECS-2008-49.html}
}

@inproceedings{VolkovSC,
    abstract = {We present performance results for dense linear algebra using recent NVIDIA GPUs. Our matrix-matrix multiply routine (GEMM) runs up to 60\% faster than the vendor's implementation and approaches the peak of hardware capabilities. Our LU, QR and Cholesky factorizations achieve up to 80--90\% of the peak GEMM rate. Our parallel LU running on two GPUs achieves up to \~{}540 Gflop/s. These results are accomplished by challenging the accepted view of the GPU architecture and programming guidelines. We argue that modern GPUs should be viewed as multithreaded multicore vector units. We exploit blocking similarly to vector computers and heterogeneity of the system by computing both on GPU and CPU. This study includes detailed benchmarking of the GPU memory system that reveals sizes and latencies of caches and TLB. We present a couple of algorithmic optimizations aimed at increasing parallelism and regularity in the problem that provide us with slightly higher performance.},
    address = {Piscataway, NJ, USA},
    author = {Volkov, V. and Demmel, J. W.},
    booktitle = {SC '08: Proceedings of the 2008 ACM/IEEE conference on Supercomputing},
    citeulike-article-id = {3541127},
    citeulike-linkout-0 = {http://portal.acm.org/citation.cfm?id=1413370.1413402},
    citeulike-linkout-1 = {http://dx.doi.org/10.1145/1413370.1413402},
    doi = {10.1145/1413370.1413402},
    isbn = {978-1-4244-2835-9},
    keywords = {2009, 571r, cache, data, gpgpu, gpu, hpc, lu, parallel, performance, qu},
    location = {Austin, Texas},
    pages = {1--11},
    posted-at = {2009-03-12 01:25:07},
    priority = {0},
    publisher = {IEEE Press},
    title = {Benchmarking {GPUs} to tune dense linear algebra},
    url = {http://dx.doi.org/10.1145/1413370.1413402},
    year = {2008}
}

@TechReport{LAWN184,
  author =       {Jakub Kurzak and Alfredo Buttari and Jack Dongarra},
  title =        {Solving Systems of Linear Equations on the {CELL} Processor Using 
                  {C}holesky Factorization},
  institution =  {University of Tennessee},
  year =         {2007},
  OPTkey =       {},
  type =         {LAPACK Working Note 184},
  number =       {UT-CS-07-596},
  OPTaddress =   {},
  month =        MAY,
  OPTnote =      {},
  OPTannote =    {}
}
@inproceedings{LUGPU05,
 author = {Nico Galoppo and Naga K. Govindaraju and Michael Henson and Dinesh Manocha},
 title = {{LU-GPU}: Efficient Algorithms for Solving Dense Linear Systems on Graphics Hardware},
 booktitle = {Proceedings of the 2005 ACM/IEEE conference on Supercomputing -- SC2005},
 year = {2005},
 isbn = {1-59593-061-2},
 pages = {3},
 doi = {http://dx.doi.org/10.1109/SC.2005.42},
 publisher = {IEEE Computer Society},
 address = {Washington, DC, USA},
 }
@MastersThesis{CHOL,
author = {Jin Hyuk Junk and Dianne P. O'Leary},
title = {Cholesky Decomposition and Linear Programming on a {GPU}},
school = {University of Maryland, College Park},
year = {},
OPTkey = {},
OPTtype = {},
OPTaddress = {},
OPTmonth = {},
OPTnote = {},
OPTannote = {},
OPTurl = {},
OPTdoi = {},
OPTissn = {},
OPTlocalfile = {},
OPTabstract = {}
}
@misc{libflame,
  author = "F. G. Van Zee",
  title = "{\tt libflame}. The complete reference",
  year = {2008},
  note   = {In preparation. \url{http://www.cs.utexas.edu/users/flame}}
}
@InProceedings{Toledo99,
  author =       {Sivan Toledo},
  title =        {A survey of out-of-core algorithms in numerical
                  linear algebra},
  booktitle =    {DIMACS Series in Discrete Mathematics and Theoretical
                  Computer Science},
  OPTcrossref =  {},
  OPTkey =       {},
  OPTpages =     {161},
  year =         {1999},
  OPTeditor =    {J.M. Abello and J. S. Vitter},
  OPTvolume =    {},
  OPTnumber =    {},
  OPTseries =    {},
  OPTaddress =   {},
  OPTmonth =     {},
  OPTorganization = {},
  OPTpublisher = {American Mathematical Society},
  OPTnote =      {},
  OPTannote =    {}
}
@Article{SIAMrec,
  author =       {Erik Elmroth and Fred Gustavson and Isak Jonsson and Bo Kagstrom},
  title =        {Recursive Blocked Algorithms and Hybrid Data Structures for Dense Matrix Library Software},
  journal =      {SIAM Review},
  year =         {2004},
  OPTkey =       {},
  volume =       {46},
  number =       {1},
  pages =        {3--45},
  OPTmonth =     {},
  OPTnote =      {},
  OPTannote =    {}
}
@phdthesis{Gun04,
   author = "Brian C. Gunter",
   title = "Computational methods and processing strategies for estimating {E}arth's gravity field",
   school = "The University of Texas at Austin",
   year = 2004,
}

@PHDTHESIS{babo:06,
  AUTHOR = {M.~Baboulin},
  TITLE = {Solving large dense linear least squares problems on parallel distributed computers. Application to the {E}arth's gravity field computation},
  YEAR = {2006},
  MONTH = {March},
  SCHOOL = {INPT},
  TYPE = {{P}h.{D}. dissertation},
  NOTE = {TH/PA/06/22},
  JURY = {G.~Balmino and J.~Dongarra (referee) and I.~S.~Duff and L.~Giraud and S.~Gratton and N.~J.~Higham (referee) and J.~Noailles},
  KEYWORDS = {High performance computing, linear least squares, parallel distributed algorithms, packed storage format, Cholesky factorization, QR factorization and updating, normwise condition number, statistical condition estimate, parameter estimation},
  PS = {http://www.cerfacs.fr/algor/reports/Dissertations/TH_PA_06_22.ps.gz},
  PDF = {http://www.cerfacs.fr/algor/reports/Dissertations/TH_PA_06_22.pdf}
}
@techreport{BabGGL06,
    author = "M. Baboulin and L. Giraud and S. Gratton and J. Langou",
    title  = "Parallel tools for solving incremental dense least squares problems. 
              Application to space geodesy",
    number = "UT-CS-06-582; TR/PA/06/63",
    institution = {University of Tennessee; CERFACS},
    year = "2006",
    note = {To appear in Journal of Algorithms and Computational Technology, Vol. 3, No 1 (2009)}
}

@Article{Bischof:2000:FSB,
  author =       "C. H. Bischof and B. Lang and X. Sun",
  title =        "A Framework for Symmetric Band Reduction",
  journal =      TOMS,
  volume =       "26",
  number =       "4",
  pages =        "581--601",
  year =         "2000",
  CODEN =        "ACMSCU",
  ISSN =         "0098-3500",
  bibsource =    "http://www.acm.org/pubs/contents/journals/toms/",
  URL =          "http://doi.acm.org/10.1145/365723.365735",
  abstract =     "We develop an algorithmic framework for reducing the
                 bandwidth of symmetric matrices via orthogonal
                 similarity transformations. This framework includes the
                 reduction of full matrices to banded or tridiagonal
                 form and the reduction of banded matrices to narrower
                 banded or tridiagonal form, possibly in multiple steps.
                 Our framework leads to algorithms that require fewer
                 floating-point operations than do standard algorithms,
                 if only the eigenvalues are required. In addition, it
                 allows for space--time tradeoffs and enables or
                 increases the use of blocked transformations.",
  accepted =     "29 May 2000",
}
@Article{Bischof:2000:AST,
  author =       "C. H. Bischof and B. Lang and X. Sun",
  title =        "{Algorithm 807}: {The SBR Toolbox}---software for
                 successive band reduction",
  journal =      TOMS,
  volume =       "26",
  number =       "4",
  pages =        "602--616",
  year =         "2000",
  CODEN =        "ACMSCU",
  ISSN =         "0098-3500",
  bibsource =    "http://www.acm.org/pubs/contents/journals/toms/",
  URL =          "http://doi.acm.org/10.1145/365723.365736",
  abstract =     "We present a software toolbox for symmetric band
                 reduction via orthogonal transformations, together with
                 a testing and timing program. The toolbox contains
                 drivers and computational routines for the reduction of
                 full symmetric matrices to banded form and the
                 reduction of banded matrices to narrower banded or
                 tridiagonal form, with optional accumulation of the
                 orthogonal transformations, as well as repacking
                 routines for storage rearrangement. The functionality
                 and the calling sequences of the routines are
                 described, with a detailed discussion of the
                 ``control'' parameters that allow adaptation of the
                 codes to particular machine and matrix characteristics.
                 We also briefly describe the testing and timing program
                 included in the toolbox.",
  accepted =     "29 May 2000",
}
@Article{Dhillon:2006:DIM,
  author =       "S. Dhillon and N. Parlett and Vomel",
  title =        "The Design and Implementation of the {MRRR} Algorithm",
  journal =      TOMS, 
  volume =       "32",
  number =       "4",
  pages =        "533--560",
  year =         "2006"
}

@inproceedings{Pdsec08,
 author = {S. Barrachina and M. Castillo and F. D. Igual and R. Mayo and
           E. S. Quintana-Ort\'{\i}},
 title = {Evaluation and Tuning of the Level 3 {CUBLAS} for Graphics Processors},
 booktitle = {Proceedings of the 10th IEEE Workshop on Parallel and Distributed 
              Scientific and Engineering Computing, PDSEC 2008},
 year = {2008},
 pages = {CD-ROM}
 }
@inproceedings{Europar08,
  author =       {S. Barrachina and M. Castillo and F. D. Igual and R. Mayo and
                  E. S. Quintana-Ort\'{\i}},
  title =        {Solving Dense Linear Systems on Graphics Processors},
  editor = {E. Luque and T. Margalef and D. Ben\'{\i}tez},
  publisher = {Springer},
  booktitle = {Proceedings of the 14th International Euro-Par Conference},
  series =       {Lecture Notes in Computer Science, 5168},
  pages = {739--748},
  year =         {2008}
}

@BOOK{Mar08,
AUTHOR = {R. M. Martin},
TITLE = {Electronic Structure: Basic Theory and Practical Methods},
PUBLISHER = {Cambridge University Press},
ADDRESS = {Cambridge, UK},
YEAR = {2008}
}

@ARTICLE{bientinesi:dhillon:rvdg,
   AUTHOR = {P. Bientinesi and I. S. Dhillon and R. van de Geijn},
   TITLE =  {A Parallel Eigensolver for Dense Symmetric Matrices
             Based on Multiple Relatively Robust Representations},
   JOURNAL = {SIAM J. Sci. Comput.},
   VOLUME = {27},
   number = {1},
   PAGES = {43-66},
   YEAR = {2005}
}
@techreport{BIKQ09,
    author = "P. Bientinesi and F. D. Igual and D. Kressner and E. S. Quintana-Ort\'{\i}",
    title = "Reduction to condensed forms for symmetric eigenvalue problems on multi-core architectures",
    number = "2009-13",
    institution = {Seminar for Applied Mathematics, ETH Zurich},
    address = "Switzerland",
    year = "2009",
    note = {Available at {\tt http://www.sam.math.ethz.ch/reports/2009}.}
}

@TechReport{flawn37,
  author =       {Francisco D. Igual and Gregorio Quintana-Ort\'{\i} and Robert van de Geijn},
  title =        {Level-3 {BLAS} on a {GPU}: Picking the low hanging fruit},
  institution =  {Universitat Jaume I. Dept. ICC},
  year =         {2009},
  OPTkey =       {},
  type =         {FLAME Working Note \#37.},
  number =       {DICC 2009-04-01},
  OPTaddress =   {},
  OPTmonth =     {},
  OPTannote =    {}
}

@article{Lan99,
 author = {Lang, Bruno},
 title = {Efficient eigenvalue and singular value computations on shared memory machines},
 journal = {Parallel Comput.},
 volume = {25},
 number = {7},
 year = {1999},
 issn = {0167-8191},
 pages = {845--860},
 doi = {http://dx.doi.org/10.1016/S0167-8191(99)00021-6},
 publisher = {Elsevier Science Publishers B. V.},
 address = {Amsterdam, The Netherlands, The Netherlands},
 }

@article{Conc09,
 author = {Barrachina, Sergio and Castillo, Maribel and Igual, Francisco D. and Mayo, Rafael and Quintana-Ort\'{\i}, Enrique S. and Quintana-Ort\'{\i}, Gregorio},
 title = {Exploiting the capabilities of modern {GPU}s for dense matrix computations},
 journal = {Concurrency and Compututation: Practice and Experience},
 volume = {21},
 number = {18},
 year = {2009},
 issn = {1532-0626},
 pages = {2457--2477},
 doi = {http://dx.doi.org/10.1002/cpe.v21:18},
 publisher = {John Wiley and Sons Ltd.},
 address = {Chichester, UK},
 }

@Book{libflameref,
  author =       {Field G. Van Zee},
  ALTeditor =    {},
  title =        {{\tt libflame}: {T}he {C}omplete {R}eference},
  publisher =    {{\tt www.lulu.com}},
  year =         {2009}
}

@article{Buttari200938,
author =       {Alfredo Buttari and Julien Langou and Jakub Kurzak and and Jack Dongarra},
title = "A class of parallel tiled linear algebra algorithms for multicore architectures",
journal = "Parallel Computing",
volume = "35",
number = "1",
pages = "38--53",
year = "2009"
}

@article{Aliaga2011183,
author =       {Jose I. Aliaga and Matthias Bollh\"ofer and Alberto F. Mart\'{\i}n and Enrique S. Quintana-Ort\'{\i}},
title = "Exploiting thread-level parallelism in the iterative solution of sparse linear systems",
journal = "Parallel Computing",
volume = "37",
number = "3",
pages = "183--202",
year = "2011"
}

@article{CPE:CPE1463,
author = {Badia, Rosa M. and Herrero, Jos\'e R. and Labarta, Jes\'us and P\'erez, Josep M. and Quintana-Ort\'{\i}, Enrique S. and Quintana-Ort\'{\i}, Gregorio},
title = {Parallelizing dense and banded linear algebra libraries using {SMPSs}},
journal = {Concurrency and Computation: Practice and Experience},
volume = {21},
number = {18},
pages = {2438--2456},
year = {2009}
}

@article{CPE:CPE1472,
author = {Barrachina, Sergio and Castillo, Maribel and Igual, Francisco D. and Mayo, Rafael and Quintana-Ort\'{\i}, Enrique S. and Quintana-Ort\'{\i}, Gregorio},
title = {Exploiting the capabilities of modern {GPUs} for dense matrix computations},
journal = {Concurrency and Computation: Practice and Experience},
volume = {21},
number = {18},
pages = {2457--2477},
year = {2009}
}

@article{CPE:CPE1680,
author = {Bientinesi, Paolo and Igual, Francisco D. and Kressner, Daniel and Petschow, Matthias and Quintana-Ort\'{\i}, Enrique S.},
title = {Condensed forms for the symmetric eigenvalue problem on multi-threaded architectures},
journal = {Concurrency and Computation: Practice and Experience},
volume = {23},
number = {7},
pages = {694--707},
year = {2011}
}

@techreport{PetPB2011,
    author = "M. Petschow and E. Peise and P. bientinesi",
    title = "High-performance solvers for large-scale dense eigensolvers",
    number = "AICES-2011/09-X",
    institution = {AICES, RWTH-Aachen},
    year = "2011"
}
@inproceedings{PDP:Davor2011,
  author =       {D. Davidovi\'c and
                  E. S. Quintana-Ort\'{\i}},
  title =        {Applying {OOC} techniques in the reduction to condensed form 
                  for very large symmetric eigenproblems on {GPUs}},
  booktitle = {Proceedings of the 20th Euromicro Conference on Parallel, 
               Distributed and Network based Processing -- PDP 2012},
  year =         {2012},
  note =      {To appear}
}



@inproceedings{DiamosY09,
    author = {G. Diamos and S. Yalamanchili},
    title = {{Harmony}: A Execution Model and Runtime for Heterogeneous Many Core Architectures},
    booktitle = {ACM/IEEE Int. Symp. on High Performance Distributed Computing, Session on Hot Topics},
    year   = {2009}
}

@mastersthesis{Dolz10,
  author    = {M. Dolz},
  title     = {Planificaci\'on consciente del consumo en algoritmos de \'algebra lineal densa sobre
               procesadores multin\'ucleo},
  school    = {Universidad Polit\'ecnica de Valencia},
  address   = {Depto. de Sistemas Inform\'aticos y Computaci\'on},
  year      = {2010},
  note      = {Supervised by P. Alonso and E. S. Quintana-Ort\'{\i}}
}

@mastersthesis{Perez10,
  author    = {J. P\'erez},
  title     = {Resoluci\'on iterativa de sistemas de ecuaciones dispersos sobre una arquitectura {GPGPU}},
  school    = {Universidad Jaume~I},
  address   = {Depto. de Ingenier\'{\i}a y Ciencia de Computadores},
  year      = {2010},
  note      = {Supervised by J. I. Aliaga and E. S. Quintana-Ort\'{\i}}
}


@article{VazquezFG11,
 author = {F. V\'azquez and J. J. Fern\'andez and E. M. Garz\'on},
 title = {A new approach for sparse matrix vector product on {NVIDIA} {GPUs}},
  journal = {Conc. and Comp.: Pract. and Exper.},
 year = {2011},
 issn = {1532-0626},
 note = {Available on-line},
}

@inproceedings{BellG09,
 author = {Bell, Nathan and Garland, Michael},
 title = {Implementing sparse matrix-vector multiplication on throughput-oriented processors},
 booktitle = {Proceedings of the Conference on High Performance Computing Networking, Storage and Analysis},
 series = {SC '09},
 year = {2009},
 isbn = {978-1-60558-744-8},
 location = {Portland, Oregon},
 pages = {18:1--18:11},
 articleno = {18},
 numpages = {11},
 publisher = {ACM},
 address = {New York, NY, USA},
} 

@inproceedings{ChoiSV10,
 author = {Choi, Jee W. and Singh, Amik and Vuduc, Richard W.},
 title = {Model-driven autotuning of sparse matrix-vector multiply on {GPUs}},
 booktitle = {Proceedings of the 15th ACM SIGPLAN symposium on Principles and practice of parallel programming},
 series = {PPoPP '10},
 year = {2010},
 isbn = {978-1-60558-877-3},
 location = {Bangalore, India},
 pages = {115--126},
 numpages = {12},
 url = {http://doi.acm.org/10.1145/1693453.1693471},
 doi = {http://doi.acm.org/10.1145/1693453.1693471},
 acmid = {1693471},
 publisher = {ACM},
 address = {New York, NY, USA},
 keywords = {gpu, performance modeling, sparse matrix-vector multiplication},
} 

@Book{libflameref,
  author =       {Field G. Van Zee},
  ALTeditor =    {},
  title =        {{\tt libflame}: {T}he {C}omplete {R}eference},
  publisher =    {{\tt www.lulu.com}},
  year =         {2009}
}

@Misc{culaweb,
  key =          {{CULA} tools project home page},
  title =        {{CULA} tools project home page},
  howpublished = {\url{http://www.culatools.com/}},
  OPTmonth =     {},
  year =         {},
  OPTnote =      {},
  OPTannote =    {}
}


@ARTICLE{BlakeDM09,
author={Blake, G. and Dreslinski, R.G. and Mudge, T.},
journal={Signal Processing Magazine, IEEE}, title={A survey of multicore processors},
year={2009},
month={november} ,
volume={26},
number={6},
pages={26 -37},
keywords={application domain;general purpose multicore processor;integrated peripheral;memory system;parallel processing;performance domain;power aspect;processing element;programmable arithmetic logic unit;microprocessor chips;parallel processing;power aware computing;},
doi={10.1109/MSP.2009.934110},
ISSN={1053-5888},}

@ARTICLE{FengFG08,
author={Feng, Wu-chun and Feng, Xizhou and Ge, Rong},
journal={IT Professional}, 
title={Green Supercomputing Comes of Age},
year={2008},
volume={10},
number={1},
pages={17 -23},
keywords={energy-efficient supercomputing;power consumption;power-aware computing;parallel machines;power aware computing;},
doi={10.1109/MITP.2008.8},
ISSN={1520-9202},}

@INPROCEEDINGS{SharmaHF06,
author={Sharma, S. and Chung-Hsing Hsu and Wu-chun Feng},
booktitle={Parallel and Distributed Processing Symposium, 2006. IPDPS 2006. 20th International}, title={Making a case for a Green500 list},
year={2006},
month={april},
volume={},
number={},
pages={8 pp.},
keywords={Green500 list;high-performance computing;performance metrics;supercomputers;supercomputing systems;total cost of ownership;parallel machines;performance evaluation;},
doi={10.1109/IPDPS.2006.1639600},
ISSN={},}

@InProceedings{GruberK10,
   affiliation = {EPFL},
   author      = {Gruber, Ralf and Keller, Vincent},
   booktitle   = {{AIP} {C}onf. {P}roceedings},
   details     = {http://infoscience.epfl.ch/record/158259},
   editor      = {Theodore E., Simos and George, Psihoyios and Ch, Tsitouras},
   isbn        = {978-0-7354-0834-0},
   issn        = {0094-243X},
   keywords    = {GreenIT, Applications, HPC, Computational Sciences},
   location    = {Rhodes, Greece},
   oai-id      = {oai:infoscience.epfl.ch:158259},
   oai-set     = {conf},
   pages       = {1321--1324},
   publisher   = {American Institute of Physics},
   review      = {REVIEWED},
   status      = {PUBLISHED},
   submitter   = {169052},
   title       = {One {J}oule per {GF}lop for {BLAS}2 {N}ow!},
   volume      = {1281},
   year        = 2010
}

@article{FreehLPKSRF07,
 author = {Freeh~{\em et al.}, V.W.},
 title = {Analyzing the Energy-Time Trade-Off in High-Performance Computing Applications},
 journal = {IEEE Trans. Parallel Distrib. Syst.},
 volume = {18},
 issue = {6},
 month = {June},
 year = {2007},
 issn = {1045-9219},
 pages = {835--848},
 numpages = {14},
 url = {http://portal.acm.org/citation.cfm?id=1263127.1263246},
 doi = {10.1109/TPDS.2007.1026},
 acmid = {1263246},
 publisher = {IEEE Press},
 address = {Piscataway, NJ, USA},
 keywords = {High-performance computing, power-aware computing.},
} 
%and Lowenthal, David K. and Pan, Feng and Kappiah, Nandini and Springer, Rob and Rountree, Barry L. and Femal, Mark E.},

@INPROCEEDINGS{EconomouRKR06,
    author = {Dimitris Economou and Suzanne Rivoire and Christos Kozyrakis and Partha Ranganathan},
    title = {Full-system power analysis and modeling for server environments},
    booktitle = {In Workshop on Modeling Benchmarking and Simulation (MOBS)},
    year = {2006}
}

@article{GoelMGSBC10,
author = {Bhavishya Goel and Sally A. McKee and Roberto Gioiosa and Karan Singh and Major Bhadauria and Marco Cesati},
title = {Portable, scalable, per-core power estimation for intelligent resource management},
journal ={Int. Conf. on Green Computing},
volume = {0},
isbn = {978-1-4244-7612-1},
year = {2010},
pages = {135-146},
publisher = {IEEE Computer Society},
address = {Los Alamitos, CA, USA},
}

@article{BircherJ07,
author = {W.L. Bircher and L.K. John},
title = {Complete System Power Estimation: A Trickle-Down Approach Based on Performance Events},
journal ={Performance Analysis of Systems and Software, IEEE International Symmposium on},
volume = {0},
isbn = {1-4244-1081-9},
year = {2007},
pages = {158-168},
doi = {http://doi.ieeecomputersociety.org/10.1109/ISPASS.2007.363746},
publisher = {IEEE Computer Society},
address = {Los Alamitos, CA, USA},
}

@inproceedings{HuangF09,
 author = {Huang, S. and Feng, W.},
 title = {Energy-Efficient Cluster Computing via Accurate Workload Characterization},
 booktitle = {Proceedings of the 2009 9th IEEE/ACM International Symposium on Cluster Computing and the Grid},
 series = {CCGRID '09},
 year = {2009},
 isbn = {978-0-7695-3622-4},
 pages = {68--75},
 numpages = {8},
 url = {http://dx.doi.org/10.1109/CCGRID.2009.88},
 doi = {http://dx.doi.org/10.1109/CCGRID.2009.88},
 acmid = {1577887},
 publisher = {IEEE Computer Society},
 address = {Washington, DC, USA},
} 

@article{MinartzKL10,
   author = {Minartz, T. and Kunkel, J. and Ludwig, T.},
   affiliation = {Department of Informatics, University of Hamburg, 22527 Hamburg, Germany},
   title = {Simulation of power consumption of energy efficient cluster hardware},
   journal = {Computer Science - Research and Development},
   publisher = {Springer Berlin / Heidelberg},
   issn = {1865-2034},
   keyword = {Computer Science},
   pages = {165-175},
   volume = {25},
   issue = {3},
   note = {10.1007/s00450-010-0120-6},
   year = {2010}
}

@INPROCEEDINGS{VasanSSSS10,
author={Vasan, A. and Sivasubramaniam, A. and Shimpi, V. and Sivabalan, T. and Subbiah, R.},
booktitle={High Performance Computer Architecture (HPCA), 2010 IEEE 16th International Symposium on}, title={Worth their watts? - an empirical study of datacenter servers},
year={2010},
month={jan.},
volume={},
number={},
pages={1 -10},
keywords={},
doi={10.1109/HPCA.2010.5463056},
ISSN={1530-0897},}

@inproceedings{BanerjeePBR09,
 author = {Banerjee, Prith and Patel, Chandrakant D. and Bash, Cullen and Ranganathan, Parthasarathy},
 title = {Sustainable data centers: enabled by supply and demand side management},
 booktitle = {Proceedings of the 46th Annual Design Automation Conference},
 series = {DAC '09},
 year = {2009},
 isbn = {978-1-60558-497-3},
 location = {San Francisco, California},
 pages = {884--887},
 numpages = {4},
 url = {http://doi.acm.org/10.1145/1629911.1630138},
 doi = {http://doi.acm.org/10.1145/1629911.1630138},
 acmid = {1630138},
 publisher = {ACM},
 address = {New York, NY, USA},
 keywords = {data centers, exascale, sustainability},
} 

@inproceedings{DoRS09,
    address = {New York, NY, USA},
    author = {Do, Thanh and Rawshdeh, Suhib and Shi, Weisong},
    booktitle = {HotPower '09: Proceedings of the Workshop on Power Aware Computing and Systems},
    citeulike-article-id = {7151673},
    day = {10},
    keywords = {article, green\_it},
    location = {Big Sky, Montana, USA},
    month = {October},
    posted-at = {2010-05-11 09:32:09},
    priority = {2},
    publisher = {ACM},
    title = {{pTop: A process-level power profiling tool}},
    year = {2009}
}

@incollection{VarsamopoulosBG09,
   author = {Varsamopoulos, G. and Banerjee, A. and Gupta, S. K. S.},
   affiliation = {Arizona State University The Impact Laboratory Tempe AZ 85287 USA},
   title = {Energy Efficiency of Thermal-Aware Job Scheduling Algorithms under Various Cooling Models},
   booktitle = {Contemporary Computing},
   series = {Communications in Computer and Information Science},
   isbn = {978-3-642-03547-0},
   keyword = {Computer Science},
   pages = {568-580},
   volume = {40},
   year = {2009}
}

@inproceedings{HsuF05,
 author = {Hsu, Chung-hsing and Feng, Wu-chun},
 title = {A Power-Aware Run-Time System for High-Performance Computing},
 booktitle = {Proceedings of the 2005 ACM/IEEE conference on Supercomputing},
 series = {SC '05},
 year = {2005},
 isbn = {1-59593-061-2},
 pages = {1--},
 url = {http://dx.doi.org/10.1109/SC.2005.3},
 doi = {http://dx.doi.org/10.1109/SC.2005.3},
 acmid = {1105766},
 publisher = {IEEE Computer Society},
 address = {Washington, DC, USA},
} 

@INPROCEEDINGS{RuanQZBN07,
author={Xiaojun Ruan and Xiao Qin and Ziliang Zong and Bellam, K. and Nijim, M.},
booktitle={Computer Communications and Networks, 2007. ICCCN 2007. Proceedings of 16th International Conference on}, title={An Energy-Efficient Scheduling Algorithm Using Dynamic Voltage Scaling for Parallel Applications on Clusters},
year={2007},
month={aug.},
volume={},
number={},
pages={735 -740},
keywords={TDVAS algorithm;cluster computing platforms;dynamic voltage scaling technique;energy consumption;energy-efficient scheduling algorithm;large scale clusters;parallel applications;processor idle times;parallel processing;power aware computing;processor scheduling;workstation clusters;},
doi={10.1109/ICCCN.2007.4317905},
ISSN={1095-2055},}

@INPROCEEDINGS{Lee09,
author={Wan Yeon Lee},
booktitle={Distributed Simulation and Real Time Applications, 2009. DS-RT '09. 13th IEEE/ACM International Symposium on}, title={Energy-Saving {DVFS} Scheduling of Multiple Periodic Real-Time Tasks on Multi-core Processors},
year={2009},
month={oct.},
volume={},
number={},
pages={216 -223},
keywords={NP-hard;dynamic frequency scaling;dynamic voltage scaling;energy consumption reduction;energy-efficient schedule;energy-saving {DVFS} scheduling scheme;multicore processors;multiple periodic real-time tasks;time complexity;computational complexity;microprocessor chips;power aware computing;processor scheduling;},
doi={10.1109/DS-RT.2009.12},
ISSN={1550-6525},}

@INPROCEEDINGS{SchonherrRMW10,
author={Sch\"onherr, Jan H. and Richling, Jan and M\"uhl, Gero and Werner, Matthias},
booktitle={ARCS 2010 - 23th International Conference on Architecture of Computing Systems}, title={A Scheduling Approach for Efficient Utilization of Hardware-Driven Frequency Scaling},
year={2010},
month={feb.},
volume={},
number={},
pages={367 -376},}

@INPROCEEDINGS{RahmanFGY11,
author={Rahman, Ahah Faizur and Guo, Jichi and Qing, Yi },
booktitle={{HiPEAC}11: High-Performance and Embedded Architectures and Compilers}, title={Automated Empirical Tuning of Scientific Codes For Performance and Power Consumption},
year={2011},
month={jan.},
volume={},
number={},}

@inproceedings{LimPF10,
 author = {Lim, Min Yeol and Porterfield, Allan and Fowler, Robert},
 title = {SoftPower: fine-grain power estimations using performance counters},
 booktitle = {Proceedings of the 19th ACM International Symposium on High Performance Distributed Computing},
 series = {HPDC '10},
 year = {2010},
 isbn = {978-1-60558-942-8},
 location = {Chicago, Illinois},
 pages = {308--311},
 numpages = {4},
 url = {http://doi.acm.org/10.1145/1851476.1851517},
 doi = {http://doi.acm.org/10.1145/1851476.1851517},
 acmid = {1851517},
 publisher = {ACM},
 address = {New York, NY, USA},
 keywords = {performance counters, power estimation},
} 

@article{EtinskiCLV10,
   author = {Etinski, Maja and Corbalan, Julita and Labarta, Jesus and Valero, Mateo},
   affiliation = {Barcelona Supercomputing Center (BSC), Barcelona, Spain},
   title = {Utilization driven power-aware parallel job scheduling},
   journal = {Computer Science - Research and Development},
   publisher = {Springer Berlin / Heidelberg},
   issn = {1865-2034},
   keyword = {Computer Science},
   pages = {207-216},
   volume = {25},
   issue = {3},
   year = {2010}
}

@article{ChedidY08,
	title = {Survey on Power Management Techniques for Energy Efficient Computer Systems},
	author = {Wissam Chedid and Chansu Yu},
	year = {2008},
	url = {http://citeseerx.ist.psu.edu/viewdoc/summary?doi=10.1.1.90.7473},
}

@PhdThesis{Tchiboukdjian10,
author = {Marc Tchiboukdjian},
title = {Algorithmes parall\`eles efficaces en cache - Applications \`a la visualisation scientifique},
school = {University of Grenoble},
year = {2010},
}

@ARTICLE{TangGV08,
author={Qinghui Tang and Gupta, S.K.S. and Varsamopoulos, G.},
journal={Parallel and Distributed Systems, IEEE Transactions on}, title={Energy-Efficient Thermal-Aware Task Scheduling for Homogeneous High-Performance Computing Data Centers: A Cyber-Physical Approach},
year={2008},
month={nov.} ,
volume={19},
number={11},
pages={1458 -1472},
doi={10.1109/TPDS.2008.111},
ISSN={1045-9219},
}

@Book{GruberK102,
author = {Ralf Gruber and Vincent Keller},
title = {HPC Green IT},
publisher = {Springer -Verlag Berlin Heidelberg},
year = {2010},
isbn = {978-3-642-01788-9},
}

@INPROCEEDINGS{HowardEA10,
author={Howard, J. and Dighe, S. and Hoskote, Y. and Vangal, S. and Finan, D. and Ruhl, G. and Jenkins, D. and Wilson, H. and Borkar, N. and Schrom, G. and Pailet, F. and Jain, S. and Jacob, T. and Yada, S. and Marella, S. and Salihundam, P. and Erraguntla, V. and Konow, M. and Riepen, M. and Droege, G. and Lindemann, J. and Gries, M. and Apel, T. and Henriss, K. and Lund-Larsen, T. and Steibl, S. and Borkar, S. and De, V. and Van Der Wijngaart, R. and Mattson, T.},
booktitle={Solid-State Circuits Conference Digest of Technical Papers (ISSCC), 2010 IEEE International}, title={A 48-Core IA-32 message-passing processor with {DVFS} in 45nm {CMOS}},
year={2010},
month={feb.},
volume={},
number={},
pages={108 -109},
keywords={2D mesh network;48-core IA-32 message-passing processor;CMOS;DVFS;fine-grain power management;message passing;on-die shared memory;size 45 nm;message passing;microprocessor chips;power aware computing;shared memory systems;},
doi={10.1109/ISSCC.2010.5434077},
ISSN={0193-6530}}

@article{Albers10,
 author = {Albers, Susanne},
 title = {Energy-efficient algorithms},
 journal = {Communications of the ACM},
 issue_date = {May 2010},
 volume = {53},
 issue = {5},
 month = {May},
 year = {2010},
 pages = {86--96}
} 

@Misc{JosephCICMM10,
author = {Earl C.~ Joseph and Steve Conway and Chris Ingle and Gabriella Cattaneo and Cyril Meunier and Nathaniel Martinez},
title = {A Strategic Agenda for {E}uropean Leadership in Supercomputing: {HPC2020} - {IDC} Final Report of the {HPC} Study for the {DG} {I}nformation {S}ociety of the {E}uropean {C}ommission},
year = {2010},
note = {Available from {\tt http://www.hpcuserforum.com/EU/downloads/SR03S10.15.2010.pdf}},
}

@Misc{ITRS09,
title = {The International Technology Roadmap for Semiconductors},
year = {2009},
note = {Available from {\tt http://www.itrs.net/reports.html}},
}

@BOOK{GVL3,
AUTHOR = {Gene H. Golub and Charles F. Van Loan},
TITLE = {Matrix Computations},
PUBLISHER = {The Johns Hopkins University Press},
ADDRESS = {Baltimore},
EDITION = {3rd},
YEAR = 1996 }

@BOOK{Yang2008,
AUTHOR = {Yang, X. S.},
TITLE = {Introduction to Computational Mathematics}, 
PUBLISHER = {World Scientific Publishing},
YEAR = 2008 }

@article {Ludwig10,
   author = {Ludwig, Thomas},
   title = {Editorial for the {F}irst {I}nternational {C}onference on {E}nergy-{A}ware {H}igh {P}erformance {C}omputing},
   journal = {Computer Science - Research and Development},
   publisher = {Springer Berlin / Heidelberg},
   pages = {123-124},
   volume = {25},
   number = {3},
   year = {2010}
}

@misc{green500,
key = {green},
title = {The {GREEN500} list},
url = {http://www.green500.org},
year = {2015}
}

@misc{top500,
title = {The {TOP500} list},
note = {\url{http://www.top500.org}},
year = {2015}
}

@article{Barroso2005,
 author = {Barroso, Luiz Andr\'{e}},
 title = {The Price of Performance},
 journal = {ACM Queue},
 issue_date = {September 2005},
 volume = {3},
 issue = {7},
 month = {September},
 year = {2005},
 issn = {1542-7730},
 pages = {48--53},
} 

@BOOK{Heath2002,
AUTHOR = {Heath, M. T.},
TITLE = {Scientific Computing: An Introductory Survey}, 
PUBLISHER = {McGraw-Hill},
edition = {2nd},
YEAR = 2002 }

@MISC{Kogge08,
    author = {P. Kogge and K. Bergman and S. Borkar and D. Campbell and W. Carlson and W. Dally and M. Denneau and P. Franzon and W. Harrod and J. Hiller and S. Karp and S. Keckler and D. Klein and R. Lucas and M. Richards and A. Scarpelli and S. Scott and A. Snavely and T. Sterling and R. S. Williams and K. Yelick},
    title = "{ExaScale} Computing Study: Technology Challenges in Achieving {ExaScale} Systems",
    year = {2008}
}

@BOOK{Zhang2009,
AUTHOR = {Zhang, Y.},
TITLE = {Parallel solution of integral equation-based EM problems in the frequency domain}, 
PUBLISHER = {IEEE Press},
YEAR = 2009 }

@InProceedings{Toledo99,
  author =       {Sivan Toledo},
  title =        {A survey of out-of-core algorithms in numerical
                  linear algebra},
  booktitle =    {DIMACS Series in Discrete Mathematics and Theoretical
                  Computer Science},
  OPTcrossref =  {},
  OPTkey =       {},
  OPTpages =     {161},
  year =         {1999},
  OPTeditor =    {J.M. Abello and J. S. Vitter},
  OPTvolume =    {},
  OPTnumber =    {},
  OPTseries =    {},
  OPTaddress =   {},
  OPTmonth =     {},
  OPTorganization = {},
  OPTpublisher = {American Mathematical Society},
  OPTnote =      {},
  OPTannote =    {}
}

@book{Ant05,
  author    = {A.C. Antoulas},
  title     = {Approximation of Large-Scale Dynamical
               Systems},
  publisher = {{SIAM} Publications},
  year      = {2005},
  address   = {Philadelphia, PA}
}

@article{BenQQ03,
  author    = {P. Benner and E.S. Quintana-Ort\'{\i}
               and G. Quintana-Ort\'{\i}},
  title     = {State-Space Truncation Methods for Parallel Model
               Reduction of Large-Scale Systems},
  journal   = {Parallel Computing},
  year      = {2003},
  pages     = {1701--1722},
  volume    = {29}
}

@article{AnRoHe2010,
  author = {Anzt, Hartwig and Rocker, Bj\"orn and Heuveline, Vincent},
  title = {Energy efficiency of mixed precision iterative refinement methods using hybrid hardware platforms},
  journal = {Computer Science - Research and Development},
  year = {2010},
  volume = {25},
  number = {3},
  pages = {141-148}
}

@techreport{Asanovic:EECS-2006-183,
    Author = {Asanovic, K. and Bodik, R. and Catanzaro, B. C. and Gebis, J. James and Husbands, P. and Keutzer, K. and Patterson, D. A. and Plishker, W. L. and Shalf, J. and Williams, S. W. and Yelick, K. A.},
    Title = {The Landscape of Parallel Computing Research: A View from {B}erkeley},
    Institution = {EECS Department, University of California, Berkeley},
    Year = {2006},
    Month = {Dec},
    Number = {UCB/EECS-2006-183}
}

@inproceedings{spiral,
    author = {M. P\"uschel and J. M. F. Moura and J. Johnson and D. Padua and
              M. Veloso and B. Singer and J. Xiong and F. Franchetti and A. Gacic and
              Y. Voronenko and K. Chen and R. W. Johnson and N. Rizzolo},
    title = {{SPIRAL}: Code Generation for {DSP} Transforms},
    booktitle = {Proceedings of the IEEE special issue on
                 Program Generation, Optimization, and Adaptation},
    volume = {93},
    number = {2},
    year = {2005},
    pages = {232--275}
}

@inproceedings{FogueIQ10,
    author = {M. Fogu\'e and F. Igual and E. S. Quintana-Ort\'{\i}},
    title = {Retargeting {PLAPACK} to clusters with hardware accelerators},
    booktitle = {Proceedings of the Workshop on Exploitation of Hardware Accelerators -- WEHA 2010},
    year = {2010},
    pages = {441--451}
}

@TECHREPORT{LWN232-TR,
AUTHOR ={Bosilca, G. and Bouteiller, A. and Danalis, A. and Faverge, M. and Haidar, H. and Herault, T. and Kurzak, J. and Langou, J. and Lemarinier, P. and Ltaief, H. and Luszczek, P. and YarKhan, A. and Dongarra, J.},
TITLE = "Distributed-Memory Task Execution and Dependence Tracking within {DAGuE} and the {DPLASMA} Project",
INSTITUTION = {The University of Tennessee at Knoxville},
TYPE = {LAPACK Working Note 232, Technical Report},
NUMBER = {UT-CS-10-660},
YEAR = 2010 }

@TECHREPORT{FWN48-TR,
AUTHOR ={F. Igual and G. Quintana-Ort\'{\i}},
TITLE = {Solving Linear Algebra Problems on Distributed-Memory Computers using Serial Codes},
INSTITUTION = {Universidad Jaime I de Castell\'on},
TYPE = {FLAME Working Note \#48, Technical Report},
NUMBER = {DICC 2010-07-01},
YEAR = 2010 }

@ARTICLE{BadiaHLPQQ09,
  author = {R. M. Badia and Jose R. Herrero and J. Labarta and J. M. P\'erez and E. S. Quintana-Ort\'{\i} and 
           G. Quintana-Ort\'{\i}},
  title = {Parallelizing dense and banded linear algebra libraries using {SMPSs}},
  journal = {Conc. and Comp.: Pract. and Exper.},
  volume = {21},
  pages = {2438--2456},
  year = {2009}
}

@inproceedings{Ayguade:2009:ESP:1616772.1616863,
 author = {Ayguad\'{e}, Eduard and Badia, Rosa M. and Igual, Francisco D. and Labarta, Jes\'{u}s and Mayo, Rafael and Quintana-Ort\'{\i}, Enrique S.},
 title = {An Extension of the {StarSs} Programming Model for Platforms with Multiple GPUs},
 booktitle = {Proceedings of the 15th International Euro-Par Conference on Parallel Processing},
 series = {Euro-Par '09},
 year = {2009},
 pages = {851--862},
} 

@string{LNCS = "Lecture Notes in Computer Science"}

@InProceedings{arcs10.1,
  author     =	"Manuel Dolz and Juan Carlos Fern\'andez and Rafael Mayo and Enrique S. Quintana-Ort\'{\i}",
  title      =	"EnergySaving Cluster Roll: Power saving system for clusters",
  series     =	"Lecture Notes in Computer Science (LNCS)",
  volume     =	"5974",
  pages      =	"162--173",
  year       =	"2010",
  isbn       =	"3-642-11949-2"
}

@InProceedings{pacs02.1,
  author     =	"E.N. Elnozahy and Michael Kistler and Ramakrishnan Rajamony",
  title      =	"Energy-Efficient Server Clusters",
  booktitle  =	"Power-Aware Computer Systems Second International Workshop, PACS 2002",
  series     =	"Lecture Notes in Computer Science (LNCS)",
  volume     =	"2325",
  pages      =	"179--197",
  publisher  =	"Springer-Verlag",
  address    =	"Cambridge, MA, USA",
  year       =	"2003"
}

@InProceedings{gmc10.1,
  author     =	"Aeiman Gadafi and Alain Tchana and Daniel Hagimont and Laurent Broto",
  title      =	"Autonomic Energy Management in Clusters",
  booktitle  =	"Proc. of the 1st International Workshop on Green Computing Middleware (GCM'2010)",
  pages      =	"739--748",
  address    =	"Bangalore, India",
  year       =	"2010",
}

@INPROCEEDINGS{europar09.1,
  AUTHOR     =	"Jos\'e Duato and Francisco D. Igual and Rafael Mayo and Antonio J. {Pe\~na}
                 and Enrique S. Quintana-Ort\'{\i} and Federico Silla",
  TITLE      =	"An Efficient Implementation of {GPU} Virtualization in High Performance Clusters",
  BOOKTITLE  =	"Proc. Euro-Par 2009 Workshops",
  KEYWORDS   =	"Graphics processors (GPUs); virtualization; high performance computing;
                  clusters; Grid",
  YEAR       =	"2010",
  SERIES     =	"Lecture Notes in Computer Science",
  PUBLISHER  =	"Springer-Verlag",
  VOLUME     =	"6043",
  PAGES      =	"385--394",
}

@inproceedings{Lagar-Cavilla07,
  author     =	{Lagar-Cavilla, H. Andres and Tolia, Niraj and Satyanarayanan, M. and de Lara, Eyal},
  title      =	{{VMM}-independent graphics acceleration},
  booktitle  =	{VEE '07: Proceedings of the 3rd international conference on Virtual execution environments},
  year       =	{2007},
  isbn       =	{978-1-59593-630-1},
  pages      =	{33--43},
  location   =	{San Diego, California, USA},
  doi        =	{10.1145/1254810.1254816},
  publisher  =	{ACM},
  address    =	{New York, NY, USA},
 }

@inproceedings{Shi09,
    author =	{Shi, Lin and Chen, Hao and Sun, Jianhua},
    booktitle =	{IEEE International Symposium on Parallel \& Distributed Processing (IPDPS'09)},
    doi =	{10.1109/IPDPS.2009.5161020},
    journal =	{Parallel \& Distributed Processing, 2009. IPDPS 2009. IEEE International Symposium on},
    pages =	{1--11},
    title =	{{vCUDA: GPU accelerated high performance computing in virtual machines}},
    year =	{2009}
}

@InProceedings{Dowty08,
  title =	"{GPU} Virtualization on {VM}ware's Hosted {I}/{O}
		 Architecture",
  author =	"Micah Dowty and Jeremy Sugerman",
  bibdate =	"2009-01-09",
  bibsource =	"DBLP,
		 http://dblp.uni-trier.de/db/conf/osdi/wiov2008.html#DowtyS08",
  booktitle =	"First Workshop on {I}/{O} Virtualization",
  location =	"San Diego, CA, USA",
  publisher =	"USENIX Association",
  year =		"2008",
  month =	December
}

@inproceedings{GViM,
 author =	{Gupta, Vishakha and Gavrilovska, Ada and Schwan, Karsten and Kharche, Harshvardhan and Tolia, Niraj and Talwar, Vanish and Ranganathan, Parthasarathy},
 title =	{{GViM: GPU}-accelerated Virtual Machines},
 booktitle =	{3rd Workshop on System-level Virtualization for High Performance Computing},
 year =	{2009},
 isbn =	{978-1-60558-465-2},
 pages =	{17--24},
 location =	{Nuremburg, Germany},
 doi =	{10.1145/1519138.1519141},
 address =	{New York, NY, USA},
 publisher =	{ACM}
 }

@article{cal07.1,
   author     =	{Sangyeun Cho and R.G. Melhem},
   title      =	"{Corollaries to Amdahl's Law for Energy}",
   journal    =	{Computer Architecture Letters},
   volume     =	{7},
   number     =	{1},
   year       =	{2007},
   pages      =	{25--28},
   note       =	{DOI: \href{http://dx.doi.org/10.1109/L-CA.2007.18}{10.1109/L-CA.2007.18}},
   publisher  =	{IEEE},
   issn       =	{1556-6056},
}

@incollection{Chedid2005129,
   title      = "Power Analysis and Optimization Techniques for Energy Efficient Computer Systems",
   author     = "Wissam Chedid and Chansu Yu and Ben Lee",
   editor     = "Ali R. Hurson",
   booktitle  = "",
   publisher  = "Elsevier",
   year       = "2005",
   volume     = "63",
   pages      = "129--164",
   series     = "Advances in Computers",
   issn       = "0065-2458",
   doi        = "DOI: 10.1016/S0065-2458(04)63004-X",
   url        = "http://www.sciencedirect.com/science/article/B7RNF-4N69681-7/2/1e6a0dd8707dc999f65395d03dba25e6",
}

@INPROCEEDINGS{Chen08, 
   author     ={Jian Chen and John, L.K.}, 
   title      ={Energy-aware application scheduling on a heterogeneous multi-core system}, 
   booktitle  ={Proc. of the IEEE International Symposium on Workload Characterization, 2008. IISWC 2008.},
   year       ={2008}, 
   month      ={September}, 
   volume     ={}, 
   number     ={}, 
   pages      ={5--13}, 
   doi        ={10.1109/IISWC.2008.4636086}, 
   ISSN       ={},
}

@InProceedings{ics08.1,
  author     =	"Verma, A.  and Ahuja, P. and {Neogi}, A.",
  title      =	"Power-aware Dynamic Placement of {HPC} Applications",
  booktitle  =	"Proc. 22nd ACM International Conference on Supercomputing (ICS'08)",
  pages      =	"175--184",
  publisher  =	"ACM",
  year       =	"2008",
  isbn       =	"978-1-60558-158-3",
  location   =	"Island of Kos - Aegean Sea - Greece"
}

@article{cal07.1,
   author     =	{Sangyeun Cho and R.G. Melhem},
   title      =	"{Corollaries to Amdahl's Law for Energy}",
   journal    =	{Computer Architecture Letters},
   volume     =	{7},
   number     =	{1},
   year       =	{2007},
   pages      =	{25--28},
   note       =	{DOI: \href{http://dx.doi.org/10.1109/L-CA.2007.18}{10.1109/L-CA.2007.18}},
   publisher  =	{IEEE},
   issn       =	{1556-6056},
}


@article {cc08.1,
   title = {Autonomic power and performance management for computing systems},
   author = {Khargharia, Bithika and Hariri, Salim and Yousif, Mazin},
   affiliation = {University of Arizona Tucson AZ USA},
   journal = {Cluster Computing},
   publisher = {Springer Netherlands},
   issn = {1386-7857},
   keyword = {Computer Science},
   pages = {167--181},
   volume = {11},
   issue = {2},
   url = {http://dx.doi.org/10.1007/s10586-007-0043-6},
   note = {doi: 10.1007/s10586-007-0043-6},
   year = {2008}
}

@INPROCEEDINGS{ipdps09.1, 
   title={Enabling autonomic power-aware management of instrumented data centers}, 
   author={Nanyan Jiang and Parashar, M.}, 
   booktitle={Proc. IEEE International Symposium on Parallel Distributed Processing, 2009. IPDPS 2009},
   year={2009}, 
   month={May}, 
   volume={}, 
   number={}, 
   pages={1--8}, 
   doi={10.1109/IPDPS.2009.5160976}, 
   ISSN={1530-2075},
}

@INPROCEEDINGS{ipdps09.2, 
   title={Power-aware load balancing of large scale MPI applications}, 
   author={Etinski, M. and Corbalan, J. and Labarta, J. and Valero, M. and Veidenbaum, A.}, 
   booktitle={Proc. IEEE International Symposium on Parallel Distributed Processing, 2009. IPDPS 2009},
   year={2009}, 
   month={May}, 
   volume={}, 
   number={}, 
   pages={1--8}, 
   ISSN={1530-2075},
}

@INPROCEEDINGS{1012617,
author={Yumin Zhang and Xiaobo Hu and Chen, D.Z.},
booktitle={Design Automation Conference, 2002. Proceedings. 39th}, title={Task scheduling and voltage selection for energy minimization},
year={2002},
volume={},
number={},
pages={ 183 - 188},
keywords={ IC design; direct acyclic graph; energy minimization; integer programming problem; multiple processor scheduling; real-time dependent tasks; single processor scheduling; task assignment; task ordering; task scheduling; two-phase framework; variable voltage processors; voltage selection; circuit CAD; circuit optimisation; directed graphs; integer programming; integrated circuit design; low-power electronics; multiprocessing systems; processor scheduling;},
doi={10.1109/DAC.2002.1012617},
ISSN={0738-100X },}

@inproceedings{SuperMatrix:PPoPP09,
 author = {Gregorio Quintana-Ort\'{\i} and Francisco D. Igual and
           Enrique S. Quintana-Ort\'{\i} and Robert van de Geijn},
 title = {Solving Dense Linear Algebra Problems on Platforms with Multiple Hardware Accelerators},
 booktitle = {PPoPP '09: The 14th ACM SIGPLAN Symposium on Principles and Practice of Parallel Programming},
 year = {2009},
 address = {Raleigh, NC, USA},
 pages = {121--129}
 }

@misc{GiriV2010,
title = {Increasing data center efficiency with server power measurements},
author = {R. A. Giri and A. Vanchi},
note = {IT\@Intel White Paper},
year = {2010}
}

@InProceedings{king2010stretch,
        title = "{Stretch and compress based re-scheduling techniques for minimizing the execution times of DAGs on multi-core processors under energy constraints}",
        author = "D. King and I. Ahmad and H.F. Sheikh",
        booktitle = "International Conference on Green Computing",
        pages = "49--60",
        year = "2010",
        organization = "IEEE"
}

@incollection{palli2005scheduling,
   author = {Baskiyar, Sanjeev and Palli, Kiran},
   title = {Low Power Scheduling of DAGs to Minimize Finish Times},
   booktitle = {High Performance Computing - HiPC 2006},
   series = {Lecture Notes in Computer Science},
   editor = {Robert, Yves and Parashar, Manish and Badrinath, Ramamurthy and Prasanna, Viktor},
   pages = {353-362},
   volume = {4297},
   year = {2006}
}


@inproceedings{AgaHKB00,
    author = {Vikas Agarwal and M. S. Hrishikesh and Stephen W. Kecler and Doug Burger},
    title = {Clock rate versus {IPC}: the end of the road for conventional
             microarchitectures},
    booktitle = {27th Annual Int. Symp. on Computer Architectures},
    year   = {2005},
    pages  = {248--259}
}
@techreport{AsaBCGHKPPSWY06,
  author =       {K. Asanovic and R. Bodik and B. C. Catanzaro and J. J. Gebis
                  and P. Husbands and K. Keutzer and D. A. Patterson and W. L. Plishker and
                  J. Shalf and S. W. Williams and K. A. Yelick},
  title =        {The landscape of parallel computing research: A view from {B}erkeley},
  number =       {UCB/EECS-2006-183},
  institution =  {University of California at Berkeley, Electrical Engineering and
                  Computer Sciences},
  year =         {2006},
  language =     {english},
}
@book{lapack,
 author = {E. Anderson and Z. Bai and C. Bischof and L. S. Blackford and J. Demmel and Jack J. Dongarra and J. Du Croz and S. Hammarling and A. Greenbaum and A. McKenney and D. Sorensen},
 title = {{LAPACK} Users' guide},
 year = {1999},
 publisher = {SIAM},
 edition = {3rd}
 }

@ARTICLE{blas1,
AUTHOR = {C. L. Lawson and R. J. Hanson and D. R. Kincaid and
F. T. Krogh},
TITLE = {Basic Linear Algebra Subprograms for {F}ortran Usage},
JOURNAL = TOMS,
VOLUME = 5,
NUMBER = 3,
PAGES = {308-323},
MONTH = SEP,
YEAR = 1979 }

@ARTICLE{blas2,
AUTHOR = {Jack J. Dongarra and Du Croz, Jeremy and Sven Hammarling and
Richard J. Hanson},
TITLE = {An Extended Set of {FORTRAN} Basic Linear Algebra Subprograms},
JOURNAL = TOMS,
VOLUME = 14,
NUMBER = 1,
PAGES = {1-17},
MONTH = MAR,
YEAR = 1988 }

@ARTICLE{blas3,
AUTHOR = {Jack J. Dongarra and Du Croz, Jeremy and Sven Hammarling and
Iain Duff},
TITLE = {A Set of Level 3 Basic Linear Algebra Subprograms},
JOURNAL = TOMS,
VOLUME = 16,
NUMBER = 1,
PAGES = {1-17},
MONTH = MAR,
YEAR = 1990 }

@Article{FLAME:Recipe,
  author =       "Paolo Bientinesi and John A. Gunnels and Margaret E. Myers and
                 Enrique S. Quintana-Ort\'{\i} and Robert A. van de Geijn",
  title =        "The Science of Deriving Dense Linear Algebra Algorithms",
  journal =      "{ACM} Transactions on Mathematical Software",
  volume =       "31",
  number =       "1",
  year =         "2005",
  pages =        "1--26"
}

@Article{FLAME,
  author =       "John A. Gunnels and Fred G. Gustavson and Greg M. Henry and Robert A. van de Geijn",
  title =        "{FLAME}: {F}ormal {L}inear {A}lgebra {M}ethods {E}nvironment",
  journal =      "{ACM} Transactions on Mathematical Software",
  volume =       "27",
  number =       "4",
  year =         "2001",
  pages =        "422--455"
}

@Article{FLAME:API,
  author =       "Paolo Bientinesi and Enrique S. Quintana-Ort\'{\i} and Robert A.
                 van de Geijn",
  title =        "Representing Linear Algebra Algorithms in Code: The {FLAME}
                  Application Programming Interfaces",
  journal =      "{ACM} Transactions on Mathematical Software",
  volume =       "31",
  number =       "1",
  year =         "2005",
  pages =         "27--59"
}

@inproceedings{spiral,
    author = {Markus P\"uschel and Jos\'e M. F. Moura and Jeremy Johnson and David Padua and 
              Manuela Veloso and Bryan Singer and Jianxin Xiong and Franz Franchetti and Aca Gacic and 
              Yevgen Voronenko and Kang Chen and Robert W. Johnson and and Nick Rizzolo},
    title = {{SPIRAL}: Code Generation for {DSP} Transforms},
    booktitle = {Proceedings of the IEEE special issue on 
                 Program Generation, Optimization, and Adaptation},
    volume = {93},
    number = {2},
    year = {2005},
    pages = {232--275}
}

@InProceedings{supermatrix:spaa07,
  author =       {
Ernie Chan and Enrique S. Quintana--Ort\'{\i} and Gregorio Quintana--Ort\'{\i} and Robert van~de~Geijn
},
  title =        {Super{M}atrix Out-of-Order Scheduling of Matrix Operations for {SMP} and Multi-Core Architectures},
  OPTcrossref =  {},
  OPTkey =       {},
  booktitle = {SPAA '07: Proceedings of the Nineteenth ACM Symposium on Parallelism in Algorithms and Architectures},
  pages =        {116--126},
  year =         {2007},
  OPTeditor =    {},
  OPTvolume =    {},
  OPTnumber =    {},
  OPTseries =    {},
  OPTaddress =   {},
  OPTmonth =     {},
  OPTorganization = {},
  OPTpublisher = {},
  OPTnote =      {},
  OPTannote =    {}
}

@Book{scalapack,
  author =       {L. S. Blackford and
  J. Choi and
  A. Cleary and
  E. D'Azevedo and
  J. Demmel and
  I. Dhillon and
  J. Dongarra and
  S. Hammarling and
  G. Henry and
  A. Petitet and
  K. Stanley and
  D. Walker and
  R. C. Whaley
},
  title =        {{ScaLAPACK} Users' Guide},
  publisher =    {SIAM},
  year =         {1997},
  OPTkey =       {},
  OPTeditor =    {},
  OPTvolume =    {},
  OPTnumber =    {},
  OPTseries =    {},
  OPTaddress =   {},
  OPTedition =   {},
  OPTmonth =     {},
  OPTnote =      {},
  OPTannote =    {}
}

@InProceedings{supermatrix:cluster07,
  author =       {Ernie Chan and Field G. {Van~Zee} and Enrique S. Quintana-Ort\'{\i} and Gregorio Quintana-Ort\'{\i} and Robert van~de~Geijn},
  title =        {Satisfying your Dependencies with {S}uper{M}atrix},
  OPTcrossref =  {},
  OPTkey =       {},
  booktitle = {Proceedings of IEEE Cluster Computing 2007},
  pages =        {91--99},
  year =         {2007},
  OPTeditor =    {},
  OPTvolume =    {},
  OPTnumber =    {},
  OPTseries =    {},
  OPTaddress =   {},
  month =        SEP,
  OPTorganization = {},
  OPTpublisher = {},
  OPTnote =      {},
  OPTannote =    {}
}

@Misc{scalapackweb,
  key =          {{ScaLAPACK} project home page},
  title =          {{ScaLAPACK} project home page},
  OPTauthor =    {},
  OPTtitle =     {},
  howpublished = {\url{http://www.netlib.org/scalapack}},
  OPTmonth =     {},
  year =         {},
  OPTnote =      {},
  OPTannote =    {}
}

@Misc{lapackweb,
  key =          {{LAPACK} project home page},
  title =          {{LAPACK} project home page},
  OPTauthor =    {},
  OPTtitle =     {},
  howpublished = {\url{http://www.netlib.org/lapack}},
  OPTmonth =     {},
  year =         {},
  OPTnote =      {},
  OPTannote =    {}
}

@journal{cellss,
  author = {Josep M. P\'erez and Pieter Bellens and Rosa M. Bad\'{\i}a and Jes\'us Labarta},
  title  = {{CellSs}: Programming the {Cell/B.E.} made easier},
  journal = {IBM Journal of R\&D},
  volume = {51},
  number = {5},
  year = {2007}
}

@Misc{netsolveweb,
  key =          {{NetSolve} project home page},
  title =          {{NetSolve} project home page},
  OPTauthor =    {},
  OPTtitle =     {},
  howpublished = {\url{http://icl.cs.utk.edu/netsolve}},
  OPTmonth =     {},
  year =         {},
  OPTnote =      {},
  OPTannote =    {}
}

@Misc{webslicotweb,
  key =          {{NetSolve} project home page},
  title =          {{NetSolve} project home page},
  OPTauthor =    {},
  OPTtitle =     {},
  howpublished = {\url{http://icl.cs.utk.edu/netsolve}},
  OPTmonth =     {},
  year =         {},
  OPTnote =      {},
  OPTannote =    {}
}

@inproceedings{webslicot,
  author = "E. Elmroth and P. Johansson and B. Kagstrom and D. Kressner",
  title = "A web computing environment for the SLICOT library",
  booktitle   = "Third NICONET Workshop on Numerical
                 Control Software",
  pages = "53-61",
  year = "2001"
}

@Misc{matlabweb,
  key =     {The {MathWorks} - {MATLAB} and {Simulink} for Technical Computing},
  title =     {The {MathWorks} - {MATLAB} and {Simulink} for Technical Computing},
  OPTtitle =     {},
  OPTauthor =    {},
  howpublished = {\url{http://www.mathworks.com}},
  OPTmonth =     {},
  year =         {},
  OPTnote =      {},
  OPTannote =    {}
}

@Misc{pythonweb,
  key =     {{Python} programming language official home page},
  title =     {{Python} programming language official home page},
  OPTauthor =    {},
  OPTtitle =    {},
  howpublished = {\url{http://www.python.org}},
  OPTmonth =     {},
  year =         {},
  OPTnote =      {},
  OPTannote =    {}
}

@Misc{actsweb,
  key =          {{ACTS} project home page},
  title =          {{ACTS} project home page},
  OPTauthor =    {},
  OPTtitle =     {},
  howpublished = {\url{http://acts.nersc.gov}},
  OPTmonth =     {},
  year =         {},
  OPTnote =      {},
  OPTannote =    {}
}

@Misc{pyclimateweb,
  key =          {{PyClimate} project home page},
  title =          {{PyClimate} project home page},
  OPTauthor =    {},
  OPTtitle =     {},
  howpublished = {\url{http://www.pyclimate.org}},
  OPTmonth =     {},
  year =         {},
  OPTnote =      {},
  OPTannote =    {}
}

@Misc{sparedweb,
  key =          {{Spared} project home page},
  title =          {{Spared} project home page},
  OPTauthor =    {},
  OPTtitle =     {},
  howpublished = {\url{http://www.pscom.uji.es/modred/SpaRedW3/SpaRed.html}},
  OPTmonth =     {},
  year =         {},
  OPTnote =      {},
  OPTannote =    {}
}

@book{Gre98,
 author = {W. H. Greene},
 title = {Econometric Analysis},
 year = {1998},
 publisher = {Prentice-Hall},
 edition = {3rd}
 }

@book{Guj95,
 author = {D. Gujarati},
 title = {Basic Econometrics},
 year = {1995},
 publisher = {McGraw Hill}
}

@ARTICLE{Gon01,
AUTHOR = {Gonschorek, A. and Lu, I. and Halliwill, J. and Beightol, J.A. and Taylor, J.A. 
          and Painter, H.  and Eckberg, D.},
TITLE = {Influence of respiratory motor neurone activity on human
         Autonomic and Haemodynamic Rhythms},
JOURNAL = {Clinical Physiology},
VOLUME = {21},
NUMBER = {3},
PAGES = {323--334},
YEAR = {2001} }

@inproceedings{Har94,
  author = "Harchol-Balter, M. and Black, P. E.",
  title = "Queueing Analysis of Oblivious Packet-Routing Networks",
  booktitle   = "Proceedings of the ACM-SIAM Symposium on Discrete Algorithms",
  pages = "583--592",
  year = "1994"
}

@ARTICLE{Hen98,
AUTHOR = {Henry, R. and Lu, I. and Beightol, L. and Eckberg, D.},
TITLE = {Interactions between CO2 Chemoreflexes and Arterial Baroreflexes},
JOURNAL = {Am. Journal of Physiology},
VOLUME = {274},
PAGES = {2177--2187},
YEAR = {1998} }

@inproceedings{Red06,
  author = "Reddy, R. and Lastovetsky, A.",
  title = "{HeteroMPI+ScaLAPACK}: Towards a {ScaLAPACK} (Dense Linear Solvers) 
            on Heterogeneous Networks of Computers",
  booktitle   = "Proceedings of the 13th IEEE International Conference on High Performance Computing 
                 (HiPC 2006). Lecture Notes in Computer Science",
  volume = {4297},
  pages = {242--253},
  year = "2006"
}

@Article{Gee05,
  author =  "D. Geer",
  title =   "Chip makers turn to multicore processors",
  journal = "Computer",
  volume =       "38",
  number =       "5",
  year =         "2005",
  pages =        "11--13"
}

@inproceedings{atlas,
author      = "R. Clint Whaley and Jack J. Dongarra",
title       = "Automatically Tuned Linear Algebra Software",
booktitle   = "Proceedings of SC'98",
year        = "1998"
}

@book{Saa03,
 title = {Iterative methods for sparse linear systems},
 author = {Y. Saad},
 year = {2003},
 publisher = {Society for Industrial and Applied Mathematics},
 address = {Philadelphia, PA, USA},
 edition = {3rd}
 }

@book{Saa92,
 title = {Numerical Methods for Large Eigenvalue Problems},
 author = {Y. Saad},
 year = {1992},
 publisher = {Manchester University Press},
 address = {Oxford, UK}
 }

@Article{Arn06,
  author =  "J. Arnal and H. Migall\'on and V. Migall\'on and J. Penad\'es",
  title =   "Parallel Newton two-stage methods based on {ILU} factorizations for nonlinear systems",
  journal = "Numerical Linear Algebra with Applications",
  volume =       "13",
  number =       "7",
  year =         "2006",
  pages =        "553--572"
}

@Article{Arn03,
  author =  "J. Arnal and V. Migall\'on and J. Penad\'es",
  title =   "Parallel Newton two-stage multisplitting iterative methods for nonlinear problems",
  journal = "BIT",
  volume =       "43",
  year =         "2003",
  pages =        "849--861"
}

@Article{Her05,
  author =  "V. Hern\'andez and J. Rom\'an and V. Vidal",
  title =   "A Scalable and Flexible Toolkit for the solution of eigenvalue problem",
  journal =      "{ACM} Transactions on Mathematical Software",
  volume =       "31",
  year =         "2005",
  pages =        "351--362"
}

@inproceedings{Ali07a,
   author="J. I. Aliaga and Matthias Bollhoefer and Alberto F. Mart\'{\i}n and Enrique S. Quintana-Ort\'{\i}",
   title="{P}arallelization of Multilevel Preconditioners Constructed from Inverse-Based {ILU}s on {S}hared-{M}emory {M}ultiprocessors",
   booktitle="Parallel Computing: Architectures, Algorithms and Applications Proceedings of the International Conference ParCo 2007",
   year="2007"
}

@Misc{petscweb,
  key =          {{PETSc} project home page},
  title =          {{PETSc} project home page},
  OPTauthor =    {},
  OPTtitle =     {},
  howpublished = {\url{http://acts.nersc.gov/petsc}},
  OPTmonth =     {},
  year =         {},
  OPTnote =      {},
  OPTannote =    {}
}

@Book{plapack,
  author =       {Robert A. van de Geijn},
  title =        {Using {PLAPACK}: Parallel Linear Algebra Package},
  publisher =    {The MIT Press},
  year =         {1997},
  OPTkey =       {},
  OPTeditor =    {},
  OPTvolume =    {},
  OPTnumber =    {},
  OPTseries =    {},
  OPTaddress =   {},
  OPTedition =   {},
  OPTmonth =     {},
  OPTnote =      {},
  OPTannote =    {}
}

@PhdThesis{bie06,
  author =       {Paolo Bientinesi},
 title =         {Mechanical Derivation and Systematic Analysis of Correct Linear
Algebra Algorithms},
  shool =  {Department of Computer Sciences, The University of Texas at
Austin},
  year =         {2006},
  OPTkey =       {},
  OPTtype =      {},
  OPTaddress =   {},
  OPTmonth =     {},
  OPTnote =      {},
}


@InProceedings{supermatrix:ppopp08,
  author =       {Ernie Chan and Field G. {Van~Zee} and Paolo Bientinesi and Enrique S. Quintana-Ort\'{\i} and
    Gregorio Quintana-Ort\'{\i} and Robert van~de~Geijn},
  title =        {Super{M}atrix: A Multithreaded
    Runtime Scheduling System for Algorithms-by-Blocks},
  OPTcrossref =  {},
  OPTkey =       {},
 booktitle = {{ACM SIGPLAN} 2008 symposium on Principles and practices of parallel programming (PPoPP'08)},
  OPTpages =     {},
  year =         {2008},
  OPTeditor =    {},
  OPTvolume =    {},
  OPTnumber =    {},
  OPTseries =    {},
  OPTaddress =   {},
  OPTmonth =     {},
  OPTorganization = {},
  OPTpublisher = {},
  note =         {to appear},
  OPTannote =    {}
}

@Misc{openCFweb,
  title =     {{OpenCF}: The Open Computational Framework},
  OPTtitle =     {},
  OPTauthor =    {},
  howpublished = {\url{http://opencf.pcg.ull.es}},
  OPTmonth =     {},
  year =         {},
  OPTnote =      {},
  OPTannote =    {}
}

@Article{Geant42003,
   affiliation = {EPFL},
   author      = {Agostinelli, S. and {others}},
   details     = {http://infoscience.epfl.ch/search?recid=49909},
   documenturl = {http://infoscience.epfl.ch/getfile.py?recid=49909},
   doi         = {NA},
   journal     = {Nuclear {I}nstruments and {M}ethods in {P}hysics
{R}esearch},
   number      = {506},
   oai-id      = {oai:infoscience.epfl.ch:49909},
   oai-set     = {article},
   pages       = {250--303},
   title       = {Geant4 --- a simulation toolkit},
   unit        = {LSR},
   volume      = {A},
   year        = 2003
}

@InProceedings{And:2001,
   author =       {R. Andonov and S. Balev and S. Rajopadhye and N.
Yanev},
   title =        {Otimal semi-oblique tiling and its application to
sequence comparison},
   booktitle =    {13th ACM Symposium on Parallel Algorithms and
Architectures (SPAA)},
   OPTcrossref =  {},
   OPTkey =       {},
   pages =        {},
   year =         {2001},
   OPTeditor =    {},
   OPTvolume =    {},
   OPTnumber =    {},
   OPTseries =    {},
   OPTaddress =   {},
   OPTmonth =     {},
   OPTorganization = {},
   OPTpublisher = {},
   note =         {},
   OPTannote =    {}
}
@InProceedings{Pel:2007,
   author =       {I. Pel\'aez and F. Almeida and F. Su\'arez},
   title =        {DPSKEL: A skeleton based tool for parallel dynamic
programming},
   booktitle =    {Seventh International Conference on Parallel
Processing and Applied Mathematics, PPAM2007},
   OPTcrossref =  {},
   OPTkey =       {},
   pages =        {},
   year =         {2007},
   OPTeditor =    {},
   OPTvolume =    {},
   OPTnumber =    {},
   OPTseries =    {},
   OPTaddress =   {},
   OPTmonth =     {},
   OPTorganization = {},
   OPTpublisher = {},
   note =         {},
}
@InProceedings{Tan:2007,
   author =       {G. Tan and N. Sun and G. Gao},
   title =        {A parallel dynamic programming algorithm on a
multi-core architecture},
   booktitle =    {ACM Symposium on Parallel Algorithms and
Architectures},
   OPTcrossref =  {},
   OPTkey =       {},
   pages =        {},
   year =         {2007},
   OPTeditor =    {},
   OPTvolume =    {},
   OPTnumber =    {},
   OPTseries =    {},
   OPTaddress =   {},
   OPTmonth =     {},
   OPTorganization = {},
   OPTpublisher = {},
   note =         {},
}
@Book{kumar,
  author =       {V. Kumar and A. Grama and A. Gupta and G. Karypis},
  title =        "{Introduction to Parallel Computing Design and
Analysis of Algorithms}",
  publisher =      {The benjamin / Cummings Publishing Company, Inc.},
  year =         {1994},
}

@article{Almeida:2005,
 author = {F. Almeida and D. Gonz\'alez and L. M. Moreno and C.
Rodr\'{\i}guez},
 title = {Pipelines on heterogeneous systems: models and tools: Research
Articles},
  journal = {Conc. and Comp.: Pract. and Exper.},
 volume = {17},
 number = {9},
 year = {2005},
 issn = {1532-0626},
 pages = {1173--1195},
 doi = {http://dx.doi.org/10.1002/cpe.v17:9},
 publisher = {John Wiley and Sons Ltd.},
 address = {Chichester, UK, UK},
}

@Misc{Sande:2004:LLA:Proyecto,
 author        = {Francisco de Sande},
 title         = {{LLASKEL}: Una aproximaci\'on a la programaci\'on
                 paralela
                 estructurada basada en esqueletos},
 howpublished  = {Entidad Financiadora: Direcci\'{o}n General de
                 Universidades. Gobierno de Canarias.},
 year          = {2004},
 optnote          = {Publicado en el BOC n\'um. 16 del lunes 26 de enero de 2004,
                 pg. 920},
 optannote        = {Importe Total: 15209 Euros},
 optclave      = {1802210319},
 optclave2     = {PI2003/113},
 numdoc        = {10}
}

@Article{Dorta:2006:BSL,
 author        = {Antonio J. Dorta and Pablo L\'opez and Francisco de Sande},
 title         = {Basic skeletons in \texttt{llc}},
 journal       = {Parallel Computing},
 issn          = {0167-8191},
 year          = {2006},
 optkey        = {},
 volume        = {32},
 number        = {7--8},
 pages         = {491--506},
 month         = {sep},
 opt_impact_f  = {0.855},
 numdoc        = {12},
 bib2html_pubtype={Journal},
 opturl        = {http://dx.doi.org/10.1016/j.parco.2006.07.001},
 optnote       = {},
 optannote     = {},
}

@Article{Dorta:2003:LPS,
 author        = {Antonio J. Dorta and Jes\'us A. Gonz\'alez and Casiano
                 Rodr\'{\i}guez and Francisco de Sande},
 title         = {{llc: A} parallel skeletal language},
 journal       = {Parallel Processing Letters},
 issn          = {0129-6264},
 year          = {2003},
 optkey        = {},
 volume        = {13},
 number        = {3},
 pages         = {437--448},
 month         = {sep},
 numdoc        = {12},
 optnote       = {},
 opturl        = {http://dx.doi.org/10.1142/S0129626403001409},
 optannote     = {},
 bib2html_pubtype={Journal},
}

@Misc{URL::NanOS,
 key           = {NanOS},
 author     = {CEPBA},
 title         = {{The Nanos Project}},
 opthowpublished={},
 optnote          = {Available at
\href{http://research.ac.upc.edu/nanos/}{\small{\texttt{http://research.ac.upc.edu/nanos/}}}},
 howpublished  = {\href{http://research.ac.upc.edu/nanos/}{\small{\texttt{http://research.ac.upc.edu/nanos/}}}},
 optannote     = {}
}

@Misc{URL::Copper,
 key           = {Copper},
 author     = {CEPBA},
 title         = {{The COPPERProject}},
 opthowpublished={},
 optnote          = {Available at
\href{http://www2.cs.uh.edu/~copper/}{\small{\texttt{http://www2.cs.uh.edu/~copper/}}}},
 howpublished  =
{\href{http://www2.cs.uh.edu/~copper/}{\small{\texttt{http://www2.cs.uh.edu/~copper/}}}},
 optannote     = {}
}

@Article{PARCO:Casiano:04,
  author = 	 {V. Blanco and J.A. Gonz\'alez  and C. Le\'on and 
                  C. Rodr\'{\i}guez and G. Rodr\'{\i}guez and M. Printista},
  title = 	 {Predicting the performance of parallel programs},
  journal = 	 {Parallel Computing},
  year = 	 {2004},
  impactfactor = {0.908},
  isirank =      {CS, Theory \& Methods: 26/70},
  OPTkey = 	 {},
  volume = 	 {30},
  number = 	 {3},
  pages = 	 {337--356},
  month = 	 mar,
  OPTnote = 	 {(aceptado)},
  puntospai = {12},
  puntoscomplementosacecau = {2},
  OPTannote = 	 {ISSN: 0167-8191}
}
 
@Misc{paraver,
key = {Paraver},
OPTauthor = {},
title = {Paraver: the flexible analysis tool},
howpublished = {\url{http://www.cepba.upc.es/paraver}},
OPTmonth = {},
OPTyear = {},
OPTnote = {},
OPTannote = {}
}

@InProceedings{ParCo:Martinez:07,
  author =	 {D.R. Mart\'{\i}nez  and M. Boull\'on and 
                  J.C. Cabaleiro and T.F. Pena and V. Blanco },
  title =	 {Analytical Performance Models of Parallel Programs in Clusters},
  booktitle =	 {Proceedings of Parallel Computing 2007},
  OPTcrossref =  {},
  OPTkey = 	 {},
  OPTpages = 	 {},
  year =	 {2007},
  OPTeditor = 	 {},
  OPTvolume = 	 {},
  OPTnumber = 	 {},
  OPTseries = 	 {},
  address =	 {Aachen, Germany},
  month =	 sep,
  OPTorganization = {},
  publisher = {},
  note = 	 {},
  OPTannote = 	 {},
  citeseer =     {993. PARCO: 0.15 (top 81.32%)},
  bib2html_rescat = {Performance Evaluation},
  bib2html_pubtype = {International Refereed Conference},
  abstract = {This paper presents a framework based on an user
driven methodology to obtain analytical models on parallel
systems and, in particular, clusters. This framework consists
of two interconnected stages. In the first one, the analyst
instruments the source code and some performance parameters
are monitored. In the second one, the monitored data are used to
obtain an analytical model using statistical processes. The main
functionalities added to the analysis stage include an automatic
fit process that provides accurate performance models and the
automatic data collection from monitoring. Some examples are
used to show the automatic fit process. The accuracy of the
models is compared with a complexity study of the selected
examples.}
}

@InProceedings{IPDPS-PMEO:Martinez:07,
  author =	 {D.R. Mart\'{\i}nez and V. Blanco and M. Boull\'on and 
                  J.C. Cabaleiro and C. Rodr\'{\i}guez and F.F. Rivera},
  title =	 {Software Tools for Performance Modeling of Parallel Programs},
  booktitle =	 {21st IEEE Int. Parallel and Distributed Processing
                  Symposium (IPDPS 2007). 6th International Workshop on Performance 
                  Modeling, Evaluation, and Optimization of Parallel and Distributed 
                  Systems (PMEO-PDS 2007)},
  OPTcrossref =  {},
  OPTkey = 	 {},
  OPTpages = 	 {},
  year =	 {2007},
  OPTeditor = 	 {},
  OPTvolume = 	 {},
  OPTnumber = 	 {},
  OPTseries = 	 {},
  address =	 {Long Beach, California. USA},
  month =	 apr,
  OPTorganization = {},
  publisher = {IEEE Computer Society},
  note = 	 {ISBN:1-4244-0910-1},
  OPTannote = 	 {},
  citeseer =     {665. IPPS/SPDP Workshops: 0.43 (top 54.46\%)},
  bib2html_rescat = {Performance Evaluation},
  bib2html_pubtype = {International Refereed Conference},
  abstract = {This paper presents a framework based on a user driven
methodology to obtain analytical models of MPI applications
on parallel systems in a systematic and easy to use
way. This methodology consists of two stages. In the first
one, instrumentation of the source code is performed using
CALL, which is a profiling tool for interacting with the code
in an easy, simple and direct way. New features are added
to CALL to obtain different performace metrics and store
the performance information in XML files. Using this information,
an analytical model of the performance behavior
is obtained in the second stage by means of R, a language
and environment for statistical analysis. The structure of
the whole framework is detailed in this paper, and some selected
examples are used to show its practical use.}
}

@Article{Cue04,
  author =  "J. Cuenca and D. Gim\'enez and J. Gonz\'alez",
  title =   "Architecture of an Automatic Tuned Linear Algebra Library",
  journal = "Parallel Computing",
  volume =       "30",
  year =         "2004",
  pages =        "187--210"
}

@Article{Alb04,
  author =  "Pedro Alberti and Pedro Alonso and Antonio Vidal and Javier Cuenca and Domingo Gim\'enez",
  title =   "Designing polylibraries to speed up linear algebra computations",
  journal = "Int. J. on High Performance Computing and Networking",
  volume =       "1",
  number =       "1--3",
  year =         "2004",
  pages =        "75--84"
}

Juan-Pedro Mart\'{\i}nez-Gallar, Francisco Almeida, and Domingo Gim\'enez
Mapping in heterogeneous systems with heuristical methods
In PARA06, WORKSHOP ON STATE-OF-THE-ART IN SCIENTIFIC AND PARALLEL
COMPUTING Umeå, Sweden, June 18-21, 2006)"

@InProceedings{Cue03,
  author =       {J. Cuenca and D. Gim\'enez and J. Gonz\'alez and Jack Dongarra and Kenneth Roche},
  title =        {Automatic Optimisation of Parallel Linear Algebra Routines in Systems with
                  Variable Load},
  booktitle =    {11th EUROMICRO Workshop on Parallel, Distributed and Networked Processing
PDP 2003},
  year =         {2003},
  pages     =    {pp. 409--416}
}

@InProceedings{Cue05,
  author =       {Javier Cuenca and Luis Pedro Garc\'{\i}a and Domingo Gim\'enez and Jack Dongarra},
  booktitle =        {2005 IEEE International Conference on Cluster Computing},
  title =    {Processes Distribution of Homogeneous Parallel Linear Algebra Routines on
Heterogeneous Clusters},
  year =         {2005},
  note      =    {CD-ROM}
}

@InProceedings{Mar07,
  author =       {Juan Pedro Mart\'{\i}nez-Gallar and Francisco Almeida and Domingo Gim\'enez},
  booktitle = {Workshop on the State-of-the-Art in Scientific and Parallel Computing, PARA'06},
  title =    {Mapping in heterogeneous systems with heuristical methods},
  year =         {2007},
  pages     =    {1084--1093}
}

@InProceedings{Lop07,
  author =       {Jos\'e Juan L\'opez-Esp\'{\i}n and Domingo Gim\'enez},
  title = {Solution of Simultaneous Equations Models in high performance systems},
  booktitle = {Proceedings of PPAM'07},
  year =         {2007},
  note      =    {Available on-line}
}
@techreport{CastilloDFMQR11,
  author =       {M. Castillo and M. Dolz and Juan C. Fern\'andez and R. Mayo and E. S. Quintana-Ort\'{\i} and V. Roca},
  title =        {Evaluation of energy performance of dense linear algebra kernels on multi-core and
                  many-core processors},
  number =       {2011-01},
  institution =  {Depto. de Ingenier\'{\i}a y Ciencia de Computadores, Universidad Jaume~I},
  year =         {2011},
  note =         {Submitted for publication to HPPAC 2011},
}
@ARTICLE{dongarramixed,
  author = {Buttari, Alfredo and Dongarra, Jack J. and Langou, Julie and Langou,
        Julien and Luszcek, Piotr and Kurzak, Jakub},
  title = {Mixed Precision Iterative Refinement Techniques for the Solution
        of Dense Linear Systems},
  journal = {Int. J. of High Performance Computing \& Applications},
  year = {2007},
  volume = {21},
  pages = {457--486},
  number = {4}
}
@ARTICLE{Barrachinaetal2009,
  author = {S. Barrachina and M. Castillo and F. D. Igual and R. Mayo and E. S. Quintana-Ort\'{\i}
            and G. Quintana-Ort\'{\i}},
  title = {Exploiting the capabilities of modern {GPUs} for dense matrix computations},
  journal = {Conc. and Comp.: Pract. and Exper.},
  volume = {21},
  number = {18},
  pages = {2457--2477},
  year = {2009}
}
@ARTICLE{GoeddekeStrzodkaTurek2007,
  author = {G\"{o}ddeke, D. and Strzodka, R. and Turek, S.},
  title = {Performance and accuracy of hardware--oriented native--, emulated--{}
        and mixed--precision solvers in {FEM} simulations},
  journal = {Int. J. of Parallel, Emergent and Distr. Systems},
  year = {2007},
  volume = {22},
  pages = {221--256},
  number = {4}
}
@Article{BennerEKQR11,
  author =  "P. Benner and P. Ezzatti and Daniel Kressner and E. S. Quintana-Ort\'{\i} and A. Rem\'on",
  title =   "A mixed-precision algorithm for the solution of {L}yapunov equations on hybrid {CPU-GPU} platforms",
  journal = "Parallel Computing",
  year =         "2011",
  note =    "Available on-line"
}
@ARTICLE{bekascurioni:2010,
  author = {Costas Bekas and Alessandro Curioni},
  title = {A new energy aware performance metric},
  journal = {Computer Science - Research and Development},
  year = {2010},
  volume = {25},
  issue = {3},
  pages = {187-195}
}
@techreport{AnztCFHMQR2011,
  author =       {H. Anzt and M. Castillo and Juan C. Fern\'andez and V. Heuveline and R. Mayo and E. S. Quintana-Ort\'{\i} and B. Rocker},
  title =        {Power Consumption of Mixed Precision in the Iterative Solution of Sparse Linear Systems},
  number =       {11-01},
  institution =  {EMCL, Karlsruhe Institute of Technology},
  year =         {2011},
  note =         {Submitted for publication to HPPAC 2011},
}

@incollection{AyguadeBCDGIJLMMPQ09,
   author = {Ayguade, E. and Badia, R. and Cabrera, D. and Duran, A. and Gonzalez, M. and Igual, F. and Jimenez, D. and Labarta, J. and Martorell, X. and Mayo, R. and Perez, J. and Quintana-Ort\'{\i}, E. S.},
   title = {A Proposal to Extend the {OpenMP} Tasking Model for Heterogeneous Architectures},
   booktitle = {Evolving {OpenMP} in an Age of Extreme Parallelism},
   series = {Lecture Notes in Computer Science},
   pages = {154-167},
   volume = {5568},
   year = {2009}
}

@article{AyguadeBCDGIJLMMPQ10,
   author = {Ayguad\'e, E. and Badia, R. and Bellens, P. and Cabrera, D. and Duran, A. and Ferrer, R. and Gonz\'alez, M. and Igual, F. and Jim\'enez-Gonz\'alez, D. and Labarta, J. and Martinell, L. and Martorell, X. and Mayo, R. and P\'erez, J. and Planas, J. and Quintana-Ort\'{\i}, E. S.},
   affiliation = {Barcelona Supercomputing Center (Centro Nacional de Supercomputaci\'on (BSC-CNS)), 08.034 Barcelona, Spain},
   title = {Extending {OpenMP} to Survive the Heterogeneous Multi-Core Era},
   journal = {International Journal of Parallel Programming},
   publisher = {Springer Netherlands},
   issn = {0885-7458},
   keyword = {Computer Science},
   pages = {440-459},
   volume = {38},
   issue = {5},
   year = {2010}
}
@Article{AliagaBMQ11,
  author =  "J. I. Aliaga and M. Bollhoefer and A. Mart\'{\i}n and E. S. Quintana-Ort\'{\i}",
  title =   "Exploiting Thread-Level Parallelism in the Iterative Solution of Sparse Linear Systems",
  journal = "Parallel Computing",
  year =         "2011",
  note =    "Available on-line"
}

@Misc{cilkweb,
  key =          {{Cilk} project home page},
  title =        {{Cilk} project home page},
  howpublished = {\url{http://supertech.csail.mit.edu/cilk/}},
  note         = {Last visit: July 2015},
  OPTmonth =     {},
  year =         {},
  OPTnote =      {},
  OPTannote =    {}
}

@Misc{smpssweb,
  key =          {{SMPSs} project},
  title =        {{SMP superscalar} project},
  howpublished = {\url{http://www.bsc.es/plantillaG.php?cat_id=385}},
  OPTmonth =     {},
  year =         {},
  OPTnote =      {},
  OPTannote =    {}
}

@Misc{ilupackweb,
  key =          {{ILUPack} project home page},
  title =        {{ILUPack} project home page},
  howpublished = {\url{http://www-public.tu-bs.de/~bolle/ilupack/}},
  OPTmonth =     {},
  year =         {},
  OPTnote =      {},
  OPTannote =    {}
}

@Misc{petscweb,
  key =          {{PETSc} project home page},
  title =        {{PETSc} project home page},
  howpublished = {\url{http://www.mcs.anl.gov/petsc/petsc-as/}},
  OPTmonth =     {},
  year =         {},
  OPTnote =      {},
  OPTannote =    {}
}

@Misc{starpuweb,
  key =          {{StarPU} project home page},
  title =        {{StarPU} project home page},
  howpublished = {\url{http://runtime.bordeaux.inria.fr/StarPU/}},
  note         = {Last visit: July 2015},
  OPTmonth =     {},
  year =         {},
  OPTnote =      {},
  OPTannote =    {}
}

@Misc{flameweb,
  key =          {{FLAME} project home page},
  title =        {{FLAME} project home page},
  howpublished = {\url{http://www.cs.utexas.edu/users/flame/}},
  note         = {Last visit: July 2015},
  OPTmonth =     {},
  year =         {},
  OPTnote =      {},
  OPTannote =    {}
}

@Misc{ompssweb,
  key =          {{OmpSs} project home page},
  title =        {{OmpSs} project home page},
  howpublished = {\url{http://pm.bsc.es/ompss}},
  note         = {Last visit: July 2015},
  OPTmonth =     {},
  year =         {},
  OPTnote =      {},
  OPTannote =    {}
}

@Misc{kaapiweb,
  key =          {{Kaapi} project home page},
  title =        {{Kaapi} project home page},
  howpublished = {\url{https://gforge.inria.fr/projects/kaapi}},
  note         = {Last visit: July 2015},
  OPTmonth =     {},
  year =         {},
  OPTnote =      {},
  OPTannote =    {}
}

@Misc{plasmaweb,
  key =          {{PLASMA} project home page},
  title =        {{PLASMA} project home page},
  howpublished = {\url{http://icl.cs.utk.edu/plasma/}},
  note         = {Last visit: July 2015},
  OPTmonth =     {},
  year =         {},
  OPTnote =      {},
  OPTannote =    {}
}

@Misc{magmaweb,
  key =          {{MAGMA} project home page},
  title =        {{MAGMA} project home page},
  howpublished = {\url{http://icl.cs.utk.edu/magma/}},
  note         = {Last visit: July 2015},
  OPTmonth =     {},
  year =         {},
  OPTnote =      {},
  OPTannote =    {}
}

@inproceedings{DiamosY09,
    author = {G. Diamos and S. Yalamanchili},
    title = {{Harmony}: A Execution Model and Runtime for Heterogeneous Many Core Architectures},
    booktitle = {ACM/IEEE Int. Symp. on High Performance Distributed Computing, Session on Hot Topics},
    year   = {2009}
}

@mastersthesis{Dolz10,
  author    = {M. Dolz},
  title     = {Planificaci\'on consciente del consumo en algoritmos de \'algebra lineal densa sobre
               procesadores multin\'ucleo},
  school    = {Universidad Polit\'ecnica de Valencia},
  address   = {Depto. de Sistemas Inform\'aticos y Computaci\'on},
  year      = {2010},
  note      = {Supervised by P. Alonso and E. S. Quintana-Ort\'{\i}}
}

@mastersthesis{Perez10,
  author    = {J. P\'erez},
  title     = {Resoluci\'on iterativa de sistemas de ecuaciones dispersos sobre una arquitectura {GPGPU}},
  school    = {Universidad Jaume~I},
  address   = {Depto. de Ingenier\'{\i}a y Ciencia de Computadores},
  year      = {2010},
  note      = {Supervised by J. I. Aliaga and E. S. Quintana-Ort\'{\i}}
}


@article{VazquezFG11,
 author = {F. V\'azquez and J. J. Fern\'andez and E. M. Garz\'on},
 title = {A new approach for sparse matrix vector product on {NVIDIA} {GPUs}},
  journal = {Conc. and Comp.: Pract. and Exper.},
 year = {2011},
 issn = {1532-0626},
 note = {Available on-line},
}

@inproceedings{BellG09,
 author = {Bell, Nathan and Garland, Michael},
 title = {Implementing sparse matrix-vector multiplication on throughput-oriented processors},
 booktitle = {Proceedings of the Conference on High Performance Computing Networking, Storage and Analysis},
 series = {SC '09},
 year = {2009},
 isbn = {978-1-60558-744-8},
 location = {Portland, Oregon},
 pages = {18:1--18:11},
 articleno = {18},
 numpages = {11},
 publisher = {ACM},
 address = {New York, NY, USA},
} 

@inproceedings{ChoiSV10,
 author = {Choi, Jee W. and Singh, Amik and Vuduc, Richard W.},
 title = {Model-driven autotuning of sparse matrix-vector multiply on {GPUs}},
 booktitle = {Proceedings of the 15th ACM SIGPLAN symposium on Principles and practice of parallel programming},
 series = {PPoPP '10},
 year = {2010},
 isbn = {978-1-60558-877-3},
 location = {Bangalore, India},
 pages = {115--126},
 numpages = {12},
 url = {http://doi.acm.org/10.1145/1693453.1693471},
 doi = {http://doi.acm.org/10.1145/1693453.1693471},
 acmid = {1693471},
 publisher = {ACM},
 address = {New York, NY, USA},
 keywords = {gpu, performance modeling, sparse matrix-vector multiplication},
} 

@Book{libflameref,
  author =       {Field G. Van Zee},
  ALTeditor =    {},
  title =        {{\tt libflame}: {T}he {C}omplete {R}eference},
  publisher =    {{\tt www.lulu.com}},
  year =         {2009}
}

@Misc{culaweb,
  key =          {{CULA} tools project home page},
  title =        {{CULA} tools project home page},
  howpublished = {\url{http://www.culatools.com/}},
  OPTmonth =     {},
  year =         {},
  OPTnote =      {},
  OPTannote =    {}
}


@ARTICLE{BlakeDM09,
author={Blake, G. and Dreslinski, R.G. and Mudge, T.},
journal={Signal Processing Magazine, IEEE}, title={A survey of multicore processors},
year={2009},
month={november} ,
volume={26},
number={6},
pages={26 -37},
keywords={application domain;general purpose multicore processor;integrated peripheral;memory system;parallel processing;performance domain;power aspect;processing element;programmable arithmetic logic unit;microprocessor chips;parallel processing;power aware computing;},
doi={10.1109/MSP.2009.934110},
ISSN={1053-5888},}

@ARTICLE{FengFG08,
author={Feng, Wu-chun and Feng, Xizhou and Ce, Rong},
journal={IT Professional}, 
title={Green Supercomputing Comes of Age},
year={2008},
month={jan.-feb.} ,
volume={10},
number={1},
pages={17 -23},
keywords={energy-efficient supercomputing;power consumption;power-aware computing;parallel machines;power aware computing;},
doi={10.1109/MITP.2008.8},
ISSN={1520-9202},}

@INPROCEEDINGS{SharmaHF06,
author={Sharma, S. and Chung-Hsing Hsu and Wu-chun Feng},
booktitle={Parallel and Distributed Processing Symposium, 2006. IPDPS 2006. 20th International}, title={Making a case for a Green500 list},
year={2006},
month={april},
volume={},
number={},
pages={8 pp.},
keywords={Green500 list;high-performance computing;performance metrics;supercomputers;supercomputing systems;total cost of ownership;parallel machines;performance evaluation;},
doi={10.1109/IPDPS.2006.1639600},
ISSN={},}

@InProceedings{GruberK10,
   affiliation = {EPFL},
   author      = {Gruber, Ralf and Keller, Vincent},
   booktitle   = {{AIP} {C}onf. {P}roceedings},
   details     = {http://infoscience.epfl.ch/record/158259},
   editor      = {Theodore E., Simos and George, Psihoyios and Ch, Tsitouras},
   isbn        = {978-0-7354-0834-0},
   issn        = {0094-243X},
   keywords    = {GreenIT, Applications, HPC, Computational Sciences},
   location    = {Rhodes, Greece},
   oai-id      = {oai:infoscience.epfl.ch:158259},
   oai-set     = {conf},
   pages       = {1321--1324},
   publisher   = {American Institute of Physics},
   review      = {REVIEWED},
   status      = {PUBLISHED},
   submitter   = {169052},
   title       = {One {J}oule per {GF}lop for {BLAS}2 {N}ow!},
   volume      = {1281},
   year        = 2010
}

@article{FreehLPKSRF07,
 author = {Freeh, Vincent W. and Lowenthal, David K. and Pan, Feng and Kappiah, Nandini and Springer, Rob and Rountree, Barry L. and Femal, Mark E.},
 title = {Analyzing the Energy-Time Trade-Off in High-Performance Computing Applications},
 journal = {IEEE Trans. Parallel Distrib. Syst.},
 volume = {18},
 issue = {6},
 month = {June},
 year = {2007},
 issn = {1045-9219},
 pages = {835--848},
 numpages = {14},
 url = {http://portal.acm.org/citation.cfm?id=1263127.1263246},
 doi = {10.1109/TPDS.2007.1026},
 acmid = {1263246},
 publisher = {IEEE Press},
 address = {Piscataway, NJ, USA},
 keywords = {High-performance computing, power-aware computing.},
} 

@INPROCEEDINGS{EconomouRKR06,
    author = {Dimitris Economou and Suzanne Rivoire and Christos Kozyrakis and Partha Ranganathan},
    title = {Full-system power analysis and modeling for server environments},
    booktitle = {In Workshop on Modeling Benchmarking and Simulation (MOBS)},
    year = {2006}
}

@article{GoelMGSBC10,
author = {Bhavishya Goel and Sally A. McKee and Roberto Gioiosa and Karan Singh and Major Bhadauria and Marco Cesati},
title = {Portable, scalable, per-core power estimation for intelligent resource management},
journal ={Int. Conf. on Green Computing},
volume = {0},
isbn = {978-1-4244-7612-1},
year = {2010},
pages = {135-146},
publisher = {IEEE Computer Society},
address = {Los Alamitos, CA, USA},
}

@article{BircherJ07,
author = {W.L. Bircher and L.K. John},
title = {Complete System Power Estimation: A Trickle-Down Approach Based on Performance Events},
journal ={Performance Analysis of Systems and Software, IEEE International Symmposium on},
volume = {0},
isbn = {1-4244-1081-9},
year = {2007},
pages = {158-168},
doi = {http://doi.ieeecomputersociety.org/10.1109/ISPASS.2007.363746},
publisher = {IEEE Computer Society},
address = {Los Alamitos, CA, USA},
}

@inproceedings{HuangF09,
 author = {Huang, S. and Feng, W.},
 title = {Energy-Efficient Cluster Computing via Accurate Workload Characterization},
 booktitle = {Proceedings of the 2009 9th IEEE/ACM International Symposium on Cluster Computing and the Grid},
 series = {CCGRID '09},
 year = {2009},
 isbn = {978-0-7695-3622-4},
 pages = {68--75},
 numpages = {8},
 url = {http://dx.doi.org/10.1109/CCGRID.2009.88},
 doi = {http://dx.doi.org/10.1109/CCGRID.2009.88},
 acmid = {1577887},
 publisher = {IEEE Computer Society},
 address = {Washington, DC, USA},
} 

@article{MinartzKL10,
   author = {Minartz, T. and Kunkel, J. and Ludwig, T.},
   affiliation = {Department of Informatics, University of Hamburg, 22527 Hamburg, Germany},
   title = {Simulation of power consumption of energy efficient cluster hardware},
   journal = {Computer Science - Research and Development},
   publisher = {Springer Berlin / Heidelberg},
   issn = {1865-2034},
   keyword = {Computer Science},
   pages = {165-175},
   volume = {25},
   issue = {3},
   note = {10.1007/s00450-010-0120-6},
   year = {2010}
}

@INPROCEEDINGS{VasanSSSS10,
author={Vasan, A. and Sivasubramaniam, A. and Shimpi, V. and Sivabalan, T. and Subbiah, R.},
booktitle={High Performance Computer Architecture (HPCA), 2010 IEEE 16th International Symposium on}, title={Worth their watts? - an empirical study of datacenter servers},
year={2010},
month={jan.},
volume={},
number={},
pages={1 -10},
keywords={},
doi={10.1109/HPCA.2010.5463056},
ISSN={1530-0897},}

@inproceedings{BanerjeePBR09,
 author = {Banerjee, Prith and Patel, Chandrakant D. and Bash, Cullen and Ranganathan, Parthasarathy},
 title = {Sustainable data centers: enabled by supply and demand side management},
 booktitle = {Proceedings of the 46th Annual Design Automation Conference},
 series = {DAC '09},
 year = {2009},
 isbn = {978-1-60558-497-3},
 location = {San Francisco, California},
 pages = {884--887},
 numpages = {4},
 url = {http://doi.acm.org/10.1145/1629911.1630138},
 doi = {http://doi.acm.org/10.1145/1629911.1630138},
 acmid = {1630138},
 publisher = {ACM},
 address = {New York, NY, USA},
 keywords = {data centers, exascale, sustainability},
} 

@inproceedings{DoRS09,
    address = {New York, NY, USA},
    author = {Do, Thanh and Rawshdeh, Suhib and Shi, Weisong},
    booktitle = {HotPower '09: Proceedings of the Workshop on Power Aware Computing and Systems},
    citeulike-article-id = {7151673},
    day = {10},
    keywords = {article, green\_it},
    location = {Big Sky, Montana, USA},
    month = {October},
    posted-at = {2010-05-11 09:32:09},
    priority = {2},
    publisher = {ACM},
    title = {{pTop: A process-level power profiling tool}},
    year = {2009}
}

@incollection{VarsamopoulosBG09,
   author = {Varsamopoulos, G. and Banerjee, A. and Gupta, S. K. S.},
   affiliation = {Arizona State University The Impact Laboratory Tempe AZ 85287 USA},
   title = {Energy Efficiency of Thermal-Aware Job Scheduling Algorithms under Various Cooling Models},
   booktitle = {Contemporary Computing},
   series = {Communications in Computer and Information Science},
   isbn = {978-3-642-03547-0},
   keyword = {Computer Science},
   pages = {568-580},
   volume = {40},
   year = {2009}
}

@inproceedings{HsuF05,
 author = {Hsu, Chung-hsing and Feng, Wu-chun},
 title = {A Power-Aware Run-Time System for High-Performance Computing},
 booktitle = {Proceedings of the 2005 ACM/IEEE conference on Supercomputing},
 series = {SC '05},
 year = {2005},
 isbn = {1-59593-061-2},
 pages = {1--},
 url = {http://dx.doi.org/10.1109/SC.2005.3},
 doi = {http://dx.doi.org/10.1109/SC.2005.3},
 acmid = {1105766},
 publisher = {IEEE Computer Society},
 address = {Washington, DC, USA},
} 

@INPROCEEDINGS{RuanQZBN07,
author={Xiaojun Ruan and Xiao Qin and Ziliang Zong and Bellam, K. and Nijim, M.},
booktitle={Computer Communications and Networks, 2007. ICCCN 2007. Proceedings of 16th International Conference on}, title={An Energy-Efficient Scheduling Algorithm Using Dynamic Voltage Scaling for Parallel Applications on Clusters},
year={2007},
month={aug.},
volume={},
number={},
pages={735 -740},
keywords={TDVAS algorithm;cluster computing platforms;dynamic voltage scaling technique;energy consumption;energy-efficient scheduling algorithm;large scale clusters;parallel applications;processor idle times;parallel processing;power aware computing;processor scheduling;workstation clusters;},
doi={10.1109/ICCCN.2007.4317905},
ISSN={1095-2055},}

@INPROCEEDINGS{Lee09,
author={Wan Yeon Lee},
booktitle={Distributed Simulation and Real Time Applications, 2009. DS-RT '09. 13th IEEE/ACM International Symposium on}, title={Energy-Saving {DVFS} Scheduling of Multiple Periodic Real-Time Tasks on Multi-core Processors},
year={2009},
month={oct.},
volume={},
number={},
pages={216 -223},
keywords={NP-hard;dynamic frequency scaling;dynamic voltage scaling;energy consumption reduction;energy-efficient schedule;energy-saving {DVFS} scheduling scheme;multicore processors;multiple periodic real-time tasks;time complexity;computational complexity;microprocessor chips;power aware computing;processor scheduling;},
doi={10.1109/DS-RT.2009.12},
ISSN={1550-6525},}

@INPROCEEDINGS{SchonherrRMW10,
author={Sch\"onherr, Jan H. and Richling, Jan and M\"uhl, Gero and Werner, Matthias},
booktitle={ARCS 2010 - 23th International Conference on Architecture of Computing Systems}, title={A Scheduling Approach for Efficient Utilization of Hardware-Driven Frequency Scaling},
year={2010},
month={feb.},
volume={},
number={},
pages={367 -376},}

@INPROCEEDINGS{RahmanFGY11,
author={Rahman, Ahah Faizur and Guo, Jichi and Qing, Yi },
booktitle={{HiPEAC}11: High-Performance and Embedded Architectures and Compilers}, title={Automated Empirical Tuning of Scientific Codes For Performance and Power Consumption},
year={2011},
month={jan.},
volume={},
number={},}

@inproceedings{LimPF10,
 author = {Lim, Min Yeol and Porterfield, Allan and Fowler, Robert},
 title = {SoftPower: fine-grain power estimations using performance counters},
 booktitle = {Proceedings of the 19th ACM International Symposium on High Performance Distributed Computing},
 series = {HPDC '10},
 year = {2010},
 isbn = {978-1-60558-942-8},
 location = {Chicago, Illinois},
 pages = {308--311},
 numpages = {4},
 url = {http://doi.acm.org/10.1145/1851476.1851517},
 doi = {http://doi.acm.org/10.1145/1851476.1851517},
 acmid = {1851517},
 publisher = {ACM},
 address = {New York, NY, USA},
 keywords = {performance counters, power estimation},
} 

@article{EtinskiCLV10,
   author = {Etinski, Maja and Corbalan, Julita and Labarta, Jesus and Valero, Mateo},
   affiliation = {Barcelona Supercomputing Center (BSC), Barcelona, Spain},
   title = {Utilization driven power-aware parallel job scheduling},
   journal = {Computer Science - Research and Development},
   publisher = {Springer Berlin / Heidelberg},
   issn = {1865-2034},
   keyword = {Computer Science},
   pages = {207-216},
   volume = {25},
   issue = {3},
   year = {2010}
}

@article{ChedidY08,
	title = {Survey on Power Management Techniques for Energy Efficient Computer Systems},
	author = {Wissam Chedid and Chansu Yu},
	year = {2008},
	url = {http://citeseerx.ist.psu.edu/viewdoc/summary?doi=10.1.1.90.7473},
}

@PhdThesis{Tchiboukdjian10,
author = {Marc Tchiboukdjian},
title = {Algorithmes parall\`eles efficaces en cache - Applications \`a la visualisation scientifique},
school = {University of Grenoble},
year = {2010},
}

@ARTICLE{TangGV08,
author={Qinghui Tang and Gupta, S.K.S. and Varsamopoulos, G.},
journal={Parallel and Distributed Systems, IEEE Transactions on}, title={Energy-Efficient Thermal-Aware Task Scheduling for Homogeneous High-Performance Computing Data Centers: A Cyber-Physical Approach},
year={2008},
month={nov.} ,
volume={19},
number={11},
pages={1458 -1472},
doi={10.1109/TPDS.2008.111},
ISSN={1045-9219},}

@Book{GruberK10,
ALTauthor = {Ralf Gruber and Vincent Keller},
ALTeditor = {},
title = {HPC\@Green IT},
publisher = {Springer -Verlag Berlin Heidelberg},
year = {2010},
isbn = {978-3-642-01788-9},
}

@INPROCEEDINGS{HowardEA10,
author={Howard, J. and Dighe, S. and Hoskote, Y. and Vangal, S. and Finan, D. and Ruhl, G. and Jenkins, D. and Wilson, H. and Borkar, N. and Schrom, G. and Pailet, F. and Jain, S. and Jacob, T. and Yada, S. and Marella, S. and Salihundam, P. and Erraguntla, V. and Konow, M. and Riepen, M. and Droege, G. and Lindemann, J. and Gries, M. and Apel, T. and Henriss, K. and Lund-Larsen, T. and Steibl, S. and Borkar, S. and De, V. and Van Der Wijngaart, R. and Mattson, T.},
booktitle={Solid-State Circuits Conference Digest of Technical Papers (ISSCC), 2010 IEEE International}, title={A 48-Core IA-32 message-passing processor with {DVFS} in 45nm {CMOS}},
year={2010},
month={feb.},
volume={},
number={},
pages={108 -109},
keywords={2D mesh network;48-core IA-32 message-passing processor;CMOS;DVFS;fine-grain power management;message passing;on-die shared memory;size 45 nm;message passing;microprocessor chips;power aware computing;shared memory systems;},
doi={10.1109/ISSCC.2010.5434077},
ISSN={0193-6530},}

@article{Albers10,
 author = {Albers, Susanne},
 title = {Energy-efficient algorithms},
 journal = {Commun. ACM},
 issue_date = {May 2010},
 volume = {53},
 issue = {5},
 month = {May},
 year = {2010},
 issn = {0001-0782},
 pages = {86--96},
 numpages = {11},
 url = {http://doi.acm.org/10.1145/1735223.1735245},
 doi = {http://doi.acm.org/10.1145/1735223.1735245},
 acmid = {1735245},
 publisher = {ACM},
 address = {New York, NY, USA},
} 

@article{DongarraEA11,
author = {Dongarra~{\em et al}, J.},
title = {The International {ExaScale} Software Project roadmap},
journal = {Int. J. of High Performance Computing \& Applications},
volume = {25},
number = {1},
pages = {3--60},
year = {2011}
}

@Misc{DurantonEA10,
author = {Duranton~{\em et al}, M.},
title = {The {HiPEAC} Vision},
year = {2010},
url = {http://www.hipeac.net/roadmap},
}

@Misc{Dur13,
author = {Duranton, M. and D. Black-Schaffer and K. De~Bosschere and J. Maebe},
title = {The {HiPEAC} Vision for advanced computing in {H}orizon 2020},
year = {2013},
note = {\url{http://www.hipeac.net/roadmap}},
}


@Misc{JosephCICMM10,
author = {Earl C.~ Joseph and Steve Conway and Chris Ingle and Gabriella Cattaneo and Cyril Meunier and Nathaniel Martinez},
title = {A Strategic Agenda for {E}uropean Leadership in Supercomputing: {HPC2020} - {IDC} Final Report of the {HPC} Study for the {DG} {I}nformation {S}ociety of the {E}uropean {C}ommission},
year = {2010},
url = {{\tt http://www.hpcuserforum.com/EU/downloads/SR03S10.15.2010.pdf}},
}

@Misc{ITRS09,
title = {The International Technology Roadmap for Semiconductors},
year = {2009},
note = {Available from {\tt http://www.itrs.net/reports.html}},
}

@BOOK{Yang2008,
AUTHOR = {Yang, X. S.},
TITLE = {Introduction to Computational Mathematics}, 
PUBLISHER = {World Scientific Publishing},
YEAR = 2008 }

@article {Ludwig10,
   author = {Ludwig, Thomas},
   title = {Editorial for the {F}irst {I}nternational {C}onference on {E}nergy-{A}ware {H}igh {P}erformance {C}omputing},
   journal = {Computer Science - Research and Development},
   publisher = {Springer Berlin / Heidelberg},
   pages = {123-124},
   volume = {25},
   number = {3},
   year = {2010}
}

@misc{top500,
title = {The Top500 list},
note = {Available at \url{http://www.top500.org}},
year = {2010}
}

@article{Barroso2005,
 author = {Barroso, Luiz Andr\'{e}},
 title = {The Price of Performance},
 journal = {ACM Queue},
 issue_date = {September 2005},
 volume = {3},
 issue = {7},
 month = {September},
 year = {2005},
 issn = {1542-7730},
 pages = {48--53},
} 

@BOOK{Heath2002,
AUTHOR = {Heath, M. T.},
TITLE = {Scientific Computing: An Introductory Survey}, 
PUBLISHER = {McGraw-Hill},
edition = {2nd},
YEAR = 2002 }

@MISC{Kogge08,
    author = {P. Kogge and K. Bergman and S. Borkar and D. Campbell and W. Carlson and W. Dally and M. Denneau and P. Franzon and W. Harrod and J. Hiller and S. Karp and S. Keckler and D. Klein and R. Lucas and M. Richards and A. Scarpelli and S. Scott and A. Snavely and T. Sterling and R. S. Williams and K. Yelick},
    title = "{ExaScale} Computing Study: Technology Challenges in Achieving {ExaScale} Systems",
    year = {2008}
}

@BOOK{Zhang2009,
AUTHOR = {Zhang, Y.},
TITLE = {Parallel solution of integral equation-based EM problems in the frequency domain}, 
PUBLISHER = {IEEE Press},
YEAR = 2009 }

@InProceedings{Toledo99,
  author =       {Sivan Toledo},
  title =        {A survey of out-of-core algorithms in numerical
                  linear algebra},
  booktitle =    {DIMACS Series in Discrete Mathematics and Theoretical
                  Computer Science},
  OPTcrossref =  {},
  OPTkey =       {},
  OPTpages =     {161},
  year =         {1999},
  OPTeditor =    {J.M. Abello and J. S. Vitter},
  OPTvolume =    {},
  OPTnumber =    {},
  OPTseries =    {},
  OPTaddress =   {},
  OPTmonth =     {},
  OPTorganization = {},
  OPTpublisher = {American Mathematical Society},
  OPTnote =      {},
  OPTannote =    {}
}

@book{Ant05,
  author    = {A.C. Antoulas},
  title     = {Approximation of Large-Scale Dynamical
               Systems},
  publisher = {{SIAM} Publications},
  year      = {2005},
  address   = {Philadelphia, PA}
}

@article{BenQQ03,
  author    = {P. Benner and E.S. Quintana-Ort\'{\i}
               and G. Quintana-Ort\'{\i}},
  title     = {State-Space Truncation Methods for Parallel Model
               Reduction of Large-Scale Systems},
  journal   = {Parallel Computing},
  year      = {2003},
  pages     = {1701--1722},
  volume    = {29}
}

@article{AnRoHe2010,
  author = {Anzt, Hartwig and Rocker, Bj\"orn and Heuveline, Vincent},
  title = {Energy efficiency of mixed precision iterative refinement methods using hybrid hardware platforms},
  journal = {Computer Science - Research and Development},
  year = {2010},
  volume = {25},
  number = {3},
  pages = {141-148}
}

@techreport{Asanovic:EECS-2006-183,
    Author = {Asanovic, K. and Bodik, R. and Catanzaro, B. C. and Gebis, J. James and Husbands, P. and Keutzer, K. and Patterson, D. A. and Plishker, W. L. and Shalf, J. and Williams, S. W. and Yelick, K. A.},
    Title = {The Landscape of Parallel Computing Research: A View from {B}erkeley},
    Institution = {EECS Department, University of California, Berkeley},
    Year = {2006},
    Month = {Dec},
    Number = {UCB/EECS-2006-183}
}

@inproceedings{spiral,
    author = {M. P\"uschel and J. M. F. Moura and J. Johnson and D. Padua and
              M. Veloso and B. Singer and J. Xiong and F. Franchetti and A. Gacic and
              Y. Voronenko and K. Chen and R. W. Johnson and N. Rizzolo},
    title = {{SPIRAL}: Code Generation for {DSP} Transforms},
    booktitle = {Proceedings of the IEEE special issue on
                 Program Generation, Optimization, and Adaptation},
    volume = {93},
    number = {2},
    year = {2005},
    pages = {232--275}
}

@inproceedings{FogueIQ10,
    author = {M. Fogu\'e and F. Igual and E. S. Quintana-Ort\'{\i}},
    title = {Retargeting {PLAPACK} to clusters with hardware accelerators},
    booktitle = {Proceedings of the Workshop on Exploitation of Hardware Accelerators -- WEHA 2010},
    year = {2010},
    pages = {441--451}
}

@TECHREPORT{LWN232-TR,
AUTHOR ={Bosilca, G. and Bouteiller, A. and Danalis, A. and Faverge, M. and Haidar, H. and Herault, T. and Kurzak, J. and Langou, J. and Lemarinier, P. and Ltaief, H. and Luszczek, P. and YarKhan, A. and Dongarra, J.},
TITLE = "Distributed-Memory Task Execution and Dependence Tracking within {DAGuE} and the {DPLASMA} Project",
INSTITUTION = {The University of Tennessee at Knoxville},
TYPE = {LAPACK Working Note 232, Technical Report},
NUMBER = {UT-CS-10-660},
YEAR = 2010 }

@TECHREPORT{FWN48-TR,
AUTHOR ={F. Igual and G. Quintana-Ort\'{\i}},
TITLE = {Solving Linear Algebra Problems on Distributed-Memory Computers using Serial Codes},
INSTITUTION = {Universidad Jaime I de Castell\'on},
TYPE = {FLAME Working Note \#48, Technical Report},
NUMBER = {DICC 2010-07-01},
YEAR = 2010 }

@ARTICLE{BadiaHLPQQ09,
  author = {R. M. Badia and Jose R. Herrero and J. Labarta and J. M. P\'erez and E. S. Quintana-Ort\'{\i} and 
           G. Quintana-Ort\'{\i}},
  title = {Parallelizing dense and banded linear algebra libraries using {SMPSs}},
  journal = {Conc. and Comp.: Pract. and Exper.},
  volume = {21},
  pages = {2438--2456},
  year = {2009}
}

@inproceedings{Ayguade:2009:ESP:1616772.1616863,
 author = {Ayguad\'{e}, Eduard and Badia, Rosa M. and Igual, Francisco D. and Labarta, Jes\'{u}s and Mayo, Rafael and Quintana-Ort\'{\i}, Enrique S.},
 title = {An Extension of the {StarSs} Programming Model for Platforms with Multiple GPUs},
 booktitle = {Proceedings of the 15th International Euro-Par Conference on Parallel Processing},
 series = {Euro-Par '09},
 year = {2009},
 pages = {851--862},
} 

@string{LNCS = "Lecture Notes in Computer Science"}

@InProceedings{arcs10.1,
  author     =	"Manuel Dolz and Juan Carlos Fern\'andez and Rafael Mayo and Enrique S. Quintana-Ort\'{\i}",
  title      =	"EnergySaving Cluster Roll: Power saving system for clusters",
  series     =	"Lecture Notes in Computer Science (LNCS)",
  volume     =	"5974",
  pages      =	"162--173",
  year       =	"2010",
  isbn       =	"3-642-11949-2"
}

@InProceedings{pacs02.1,
  author     =	"E.N. Elnozahy and Michael Kistler and Ramakrishnan Rajamony",
  title      =	"Energy-Efficient Server Clusters",
  booktitle  =	"Power-Aware Computer Systems Second International Workshop, PACS 2002",
  series     =	"Lecture Notes in Computer Science (LNCS)",
  volume     =	"2325",
  pages      =	"179--197",
  publisher  =	"Springer-Verlag",
  address    =	"Cambridge, MA, USA",
  year       =	"2003"
}

@InProceedings{gmc10.1,
  author     =	"Aeiman Gadafi and Alain Tchana and Daniel Hagimont and Laurent Broto",
  title      =	"Autonomic Energy Management in Clusters",
  booktitle  =	"Proc. of the 1st International Workshop on Green Computing Middleware (GCM'2010)",
  pages      =	"739--748",
  address    =	"Bangalore, India",
  year       =	"2010",
}

@INPROCEEDINGS{europar09.1,
  AUTHOR     =	"Jos\'e Duato and Francisco D. Igual and Rafael Mayo and Antonio J. {Pe\~na}
                 and Enrique S. Quintana-Ort\'{\i} and Federico Silla",
  TITLE      =	"An Efficient Implementation of {GPU} Virtualization in High Performance Clusters",
  BOOKTITLE  =	"Proc. Euro-Par 2009 Workshops",
  KEYWORDS   =	"Graphics processors (GPUs); virtualization; high performance computing;
                  clusters; Grid",
  YEAR       =	"2010",
  SERIES     =	"Lecture Notes in Computer Science",
  PUBLISHER  =	"Springer-Verlag",
  VOLUME     =	"6043",
  PAGES      =	"385--394",
}

@inproceedings{Lagar-Cavilla07,
  author     =	{Lagar-Cavilla, H. Andres and Tolia, Niraj and Satyanarayanan, M. and de Lara, Eyal},
  title      =	{{VMM}-independent graphics acceleration},
  booktitle  =	{VEE '07: Proceedings of the 3rd international conference on Virtual execution environments},
  year       =	{2007},
  isbn       =	{978-1-59593-630-1},
  pages      =	{33--43},
  location   =	{San Diego, California, USA},
  doi        =	{10.1145/1254810.1254816},
  publisher  =	{ACM},
  address    =	{New York, NY, USA},
 }

@inproceedings{Shi09,
    author =	{Shi, Lin and Chen, Hao and Sun, Jianhua},
    booktitle =	{IEEE International Symposium on Parallel \& Distributed Processing (IPDPS'09)},
    doi =	{10.1109/IPDPS.2009.5161020},
    journal =	{Parallel \& Distributed Processing, 2009. IPDPS 2009. IEEE International Symposium on},
    pages =	{1--11},
    title =	{{vCUDA: GPU accelerated high performance computing in virtual machines}},
    year =	{2009}
}

@InProceedings{Dowty08,
  title =	"{GPU} Virtualization on {VM}ware's Hosted {I}/{O}
		 Architecture",
  author =	"Micah Dowty and Jeremy Sugerman",
  bibdate =	"2009-01-09",
  bibsource =	"DBLP,
		 http://dblp.uni-trier.de/db/conf/osdi/wiov2008.html#DowtyS08",
  booktitle =	"First Workshop on {I}/{O} Virtualization",
  location =	"San Diego, CA, USA",
  publisher =	"USENIX Association",
  year =		"2008",
  month =	December
}

@inproceedings{GViM,
 author =	{Gupta, Vishakha and Gavrilovska, Ada and Schwan, Karsten and Kharche, Harshvardhan and Tolia, Niraj and Talwar, Vanish and Ranganathan, Parthasarathy},
 title =	{{GViM: GPU}-accelerated Virtual Machines},
 booktitle =	{3rd Workshop on System-level Virtualization for High Performance Computing},
 year =	{2009},
 isbn =	{978-1-60558-465-2},
 pages =	{17--24},
 location =	{Nuremburg, Germany},
 doi =	{10.1145/1519138.1519141},
 address =	{New York, NY, USA},
 publisher =	{ACM}
 }

@article{cal07.1,
   author     =	{Sangyeun Cho and R.G. Melhem},
   title      =	"{Corollaries to Amdahl's Law for Energy}",
   journal    =	{Computer Architecture Letters},
   volume     =	{7},
   number     =	{1},
   year       =	{2007},
   pages      =	{25--28},
   note       =	{DOI: \href{http://dx.doi.org/10.1109/L-CA.2007.18}{10.1109/L-CA.2007.18}},
   publisher  =	{IEEE},
   issn       =	{1556-6056},
}

@incollection{Chedid2005129,
   title      = "Power Analysis and Optimization Techniques for Energy Efficient Computer Systems",
   author     = "Wissam Chedid and Chansu Yu and Ben Lee",
   editor     = "Ali R. Hurson",
   booktitle  = "",
   publisher  = "Elsevier",
   year       = "2005",
   volume     = "63",
   pages      = "129--164",
   series     = "Advances in Computers",
   issn       = "0065-2458",
   doi        = "DOI: 10.1016/S0065-2458(04)63004-X",
   url        = "http://www.sciencedirect.com/science/article/B7RNF-4N69681-7/2/1e6a0dd8707dc999f65395d03dba25e6",
}

@INPROCEEDINGS{Chen08, 
   author     ={Jian Chen and John, L.K.}, 
   title      ={Energy-aware application scheduling on a heterogeneous multi-core system}, 
   booktitle  ={Proc. of the IEEE International Symposium on Workload Characterization, 2008. IISWC 2008.},
   year       ={2008}, 
   month      ={September}, 
   volume     ={}, 
   number     ={}, 
   pages      ={5--13}, 
   doi        ={10.1109/IISWC.2008.4636086}, 
   ISSN       ={},
}

@InProceedings{ics08.1,
  author     =	"Verma, A.  and Ahuja, P. and {Neogi}, A.",
  title      =	"Power-aware Dynamic Placement of {HPC} Applications",
  booktitle  =	"Proc. 22nd ACM International Conference on Supercomputing (ICS'08)",
  pages      =	"175--184",
  publisher  =	"ACM",
  year       =	"2008",
  isbn       =	"978-1-60558-158-3",
  location   =	"Island of Kos - Aegean Sea - Greece"
}

@article{cal07.1,
   author     =	{Sangyeun Cho and R.G. Melhem},
   title      =	"{Corollaries to Amdahl's Law for Energy}",
   journal    =	{Computer Architecture Letters},
   volume     =	{7},
   number     =	{1},
   year       =	{2007},
   pages      =	{25--28},
   note       =	{DOI: \href{http://dx.doi.org/10.1109/L-CA.2007.18}{10.1109/L-CA.2007.18}},
   publisher  =	{IEEE},
   issn       =	{1556-6056},
}


@article {cc08.1,
   title = {Autonomic power and performance management for computing systems},
   author = {Khargharia, Bithika and Hariri, Salim and Yousif, Mazin},
   affiliation = {University of Arizona Tucson AZ USA},
   journal = {Cluster Computing},
   publisher = {Springer Netherlands},
   issn = {1386-7857},
   keyword = {Computer Science},
   pages = {167--181},
   volume = {11},
   issue = {2},
   url = {http://dx.doi.org/10.1007/s10586-007-0043-6},
   note = {doi: 10.1007/s10586-007-0043-6},
   year = {2008}
}

@INPROCEEDINGS{ipdps09.1, 
   title={Enabling autonomic power-aware management of instrumented data centers}, 
   author={Nanyan Jiang and Parashar, M.}, 
   booktitle={Proc. IEEE International Symposium on Parallel Distributed Processing, 2009. IPDPS 2009},
   year={2009}, 
   month={May}, 
   volume={}, 
   number={}, 
   pages={1--8}, 
   doi={10.1109/IPDPS.2009.5160976}, 
   ISSN={1530-2075},
}

@INPROCEEDINGS{ipdps09.2, 
   title={Power-aware load balancing of large scale MPI applications}, 
   author={Etinski, M. and Corbalan, J. and Labarta, J. and Valero, M. and Veidenbaum, A.}, 
   booktitle={Proc. IEEE International Symposium on Parallel Distributed Processing, 2009. IPDPS 2009},
   year={2009}, 
   month={May}, 
   volume={}, 
   number={}, 
   pages={1--8}, 
   ISSN={1530-2075}
}

@INPROCEEDINGS{1012617,
author={Yumin Zhang and Xiaobo Hu and Chen, D.Z.},
booktitle={Design Automation Conference, 2002. Proceedings. 39th}, title={Task scheduling and voltage selection for energy minimization},
year={2002},
volume={},
number={},
pages={ 183 - 188},
keywords={ IC design; direct acyclic graph; energy minimization; integer programming problem; multiple processor scheduling; real-time dependent tasks; single processor scheduling; task assignment; task ordering; task scheduling; two-phase framework; variable voltage processors; voltage selection; circuit CAD; circuit optimisation; directed graphs; integer programming; integrated circuit design; low-power electronics; multiprocessing systems; processor scheduling;},
doi={10.1109/DAC.2002.1012617},
ISSN={0738-100X },}

@inproceedings{SuperMatrix:PPoPP09,
 author = {Gregorio Quintana-Ort\'{\i} and Francisco D. Igual and
           Enrique S. Quintana-Ort\'{\i} and Robert van de Geijn},
 title = {Solving Dense Linear Algebra Problems on Platforms with Multiple Hardware Accelerators},
 booktitle = {PPoPP '09: The 14th ACM SIGPLAN Symposium on Principles and Practice of Parallel Programming},
 year = {2009},
 address = {Raleigh, NC, USA},
 pages = {121--129}
 }

@misc{GiriV2010,
title = {Increasing data center efficiency with server power measurements},
author = {R. A. Giri and A. Vanchi},
note = {IT\@Intel White Paper},
year = {2010}
}

@Article{Quintana-Orti:2008,
  author =       "E.S. Quintana-Ort\'{i} and R.A. van de Geijn",
  title =        "Updating an {LU} factorization with Pivoting",
  journal =      "{ACM} Trans. Math. Softw.",
  volume =       "35",
  number =       "2",
  month =        jul,
  year =         "2008",
  pages =        "11:1--11:16"
}]



@techreport{Demmel:EECS-2008-89,
    Author = {Demmel, J. and Grigori, L. and Hoemmen, M.F. and Langou, J.},
    Title = {Communication-optimal parallel and sequential {QR} and {LU} factorizations},
    Institution = {EECS Department, Univ. California, Berkeley},
    Year = {2008},
    URL = {http://www.eecs.berkeley.edu/Pubs/TechRpts/2008/EECS-2008-89.html},
    Number = {UCB/EECS-2008-89}
}

@article{optim11,
 author = {P. Alonso and M.F. Dolz and R. Mayo and E.S. Quintana-Ort\'i},
 title = {Improving Power Efficiency of Dense Linear Algebra Algorithms on Multi-Core Processors via Slack Control},
 journal = {Proceedings of the 2010 International Conference on High Performance Computing {\&} Simulation},
 year = {2011},
 organization = {IEEE},
 note={To appear},
} 
@techreport{optim11_tr,
 author = {P. Alonso and M.F. Dolz and R. Mayo and E.S. Quintana-Ort\'i},
 title = {Improving Power Efficiency of Dense Linear Algebra Algorithms on Multi-Core Processors via Slack Control},
 year = {2011},
 INSTITUTION = {Univ. Jaime~I (Spain)},
 NUMBER = {DICC 2011-06-01},
} 

@TECHREPORT{LAWN251,
AUTHOR ={Ltaief, H. and Luszczek, P. and Dongarra, J.},
TITLE = "Profiling High Performance Dense Linear Algebra Algorithms on Multicore Architectures for Power and Energy Efficiency",
INSTITUTION = {The University of Tennessee at Knoxville},
TYPE = {LAPACK Working Note 251, Technical Report},
NUMBER = {UT-CS-11-674},
YEAR = 2011}

@inproceedings{marc3,
  author = {Alonso, P. and Dolz, M. F. and Igual, F. D. and Marker, B. and Mayo, R. and Quintana-Ort\'{\i}, E. S. and van~de~Geijn, R.},
  editor = {Göhringer, Diana and Hübner, Michael and Becker, Jürgen},
  booktitle = {MARC Symposium},
  pages = {103-106},
  publisher = {KIT Scientific Publishing, Karlsruhe},
  title = {Power-aware Dense Linear Algebra Implementations on Multi-core and Many-core Processors.},
  year = 2011,
  isbn = {978-3-86644-717-2},
  location   =    {Ettlingen, Germany},
}

@Article{enahpc11,
  author = {Alonso, P. and Dolz, M. F. and Igual, F. D. and Mayo, R. and Quintana-Ort\'{\i}, E. S.},
    title = "{DVFS}-control techniques for dense linear algebra operations on multi-core processors",
    journal = "Computer Science - Research and Development",
    publisher = "Springer Berlin / Heidelberg",
    issn = "1865-2034",
    keyword = "Computer Science",
    pages = "1--10",
    url = "http://dx.doi.org/10.1007/s00450-011-0188-7",
    note = "10.1007/s00450-011-0188-7"
}

@inproceedings{pdp12,
  author = {Alonso, P. and Dolz, M. F. and Mayo, R. and Quintana-Ort\'{\i}, E. S.},
 title = {Saving Energy in the {LU} Factorization with Partial Pivoting on Multi-Core Processors},
journal = {Proceedings of the 2012 International Conference on Parallel, Distributed and Network-Based Computing -- PDP 2012},
 year = {2012},
 note={To appear},
}

@Misc{paraverweb,
  key =          {{Paraver} project},
  title =        {{Paraver} project},
  howpublished = {\url{http://www.bsc.es/plantillaA.php?cat_id=485}},
  note = {Last visit: July 2015}
}

@inbook{TETMPCACPM11,
   author = {Timo Minartz and Daniel Molka and Julian Kunkel and Michael Knobloch and Michael Kuhn and 
             Thomas Ludwig}, 
   title = {{Tool environments to measure power consumption and computational performance}}, 
   year = {2011}, 
   booktitle = {{Handbook of Energy-Aware and Green Computing}}, 
   publisher = {Chapman and Hall/CRC Press Taylor and Francis Group LLC}, 
}
@techreport{powermon2,
 author = {Daniel Bedard and Allan Porterfield and Rob Fowler and Min Yeol Lim},
 title = {{PowerMon} 2: Fine-grained, Integrated Power Measurement}, 
 year = {2009},
 INSTITUTION = {RENCI, North Carolina},
 NUMBER = {TR-09-04}
} 
@article{powerpack,
  author = {Rong Ge and Xizhou Feng and Shuaiwen Song and Hung-Ching Chang and Dong Li and Kirk W. Cameron},
  title = {{PowerPack}: Energy Profiling and Analysis of High-Performance Systems and Applications},
  journal ={IEEE Transactions on Parallel and Distributed Systems},
  volume = {99},
  year = {2009},
  pages = {658--671}
}
@techreport{HATASEOAAS11,
  author	 = {Julian Kunkel},
  title	 = {{HDTrace} - A Tracing and Simulation Environment of Application and System Interaction},
  year	 = {2011},
  institution = {Department of Informatics, Scientific Computing. Universit\"at Hamburg},
  series	 = {Research Papers},
  number	 = {2}
}
@article{BorC11,
  author = {Shekhar Borkar and Andrew A. Chien},
  title = {The Future of Microprocessors},
  journal ={Communications of the ACM},
  volume = {54},
  number = {5},
  year = {2011},
  pages = {67--77}
}

@inproceedings{Esmaeilzadeh:2011:DSE:2000064.2000108,
 author = {Esmaeilzadeh, Hadi and Blem, Emily and St. Amant, Renee and Sankaralingam, Karthikeyan and Burger, Doug},
 title = {Dark silicon and the end of multicore scaling},
 booktitle = {Proc. 38th Annual Int. Symp. Computer architecture},
 series = {ISCA'11},
 year = {2011},
 pages = {365--376}
} 

@article{Wang11,
  author = {Wang, S. and Chen, H. and Shi, W.},
  title = {{SPAN}: A software power analyzer for multicore computer systems},
  journal ={Sustainable Computing: Informatics and Systems},
  volume = {1},
  number = {1},
  year = {2011},
  pages = {23--34}
}


@ARTICLE{miser,
author={Tolentino, M.E. and Turner, J. and Cameron, K.W.},
journal={IEEE Transactions on Computers},
title={Memory {MISER}: Improving Main Memory Energy Efficiency in Servers},
year={2009},
volume={58},
number={3},
pages={336-350}}


@Book{NRC2011,
  author =       {S. H. Fuller and L. I. {Millett~(Editors)}},
  title =        {The future of computing performance: game over or next level?},
  publisher =    {National Research Council of the National Academies},
  year =         {2011},
  OPTkey =       {},
  OPTeditor =    {},
  OPTvolume =    {},
  OPTnumber =    {},
  OPTseries =    {},
  OPTedition =   {},
  OPTmonth =     {},
  OPTnote =      {},
  OPTannote =    {}
}

@ARTICLE{5751940, 
author={Floyd, M. and Allen-Ware, M. and Rajamani, K. and Brock, B. and Lefurgy, C. and Drake, A.J. and Pesantez, L. and Gloekler, T. and Tierno, J.A. and Bose, P. and Buyuktosunoglu, A.}, 
journal={Micro, IEEE}, 
title={Introducing the Adaptive Energy Management Features of the {Power7} Chip}, 
year={2011}, 
volume={31}, 
number={2}, 
pages={60-75}
}
