@string{TOMS = "ACM Transactions on Mathematical Software"}

@BOOK{GVL,
AUTHOR = {G. H. Golub and C. F. Van Loan},
TITLE = {Matrix Computations},
PUBLISHER = {The Johns Hopkins University Press},
EDITION = {3rd},
YEAR = 1996 }

@BOOK{HenP12,
  author =       {J. L. Hennessy and D. A. Patterson},
  title =        {Computer Architecture: A Quantitative Approach},
  publisher =    {Morgan Kaufmann Pub.},
  edition   =    {5th},
  year =         {2012}
}

@book{lapack,
 author = {E. \mbox{Anderson et al}},
 title = {{LAPACK} Users' guide},
 year = {1999},
 publisher = {SIAM},
 edition = {3rd}
}

@inproceedings{Esm11,
 author = {Esmaeilzadeh, H. and Blem, E. and St.~Amant, R. and Sankaralingam, K. and Burger, D.},
 title = {Dark silicon and the end of multicore scaling},
 booktitle = {Proc. 38th Annual Int. Symp. on Computer architecture},
 series = {ISCA'11},
 year = {2011},
 pages = {365--376}
} 

@Misc{Luc14,
  author = {Lucas~\emph{et al}, R.},
  title  = {Top ten {E}xascale research challenges},
  year   = {2014},
  note   = {\url{http://science.energy.gov/~/media/ascr/ascac/pdf/meetings/20140210/Top10reportFEB14.pdf}}
}

@Misc{Lec13,
  author = {Lavignon~\emph{et al}, J. F.},
  title  = {{ETP4HPC} strategic research agenda achieving {HPC} leadership in {E}urope},
  year   = {2013},
  note   = {\url{http://www.etp4hpc.eu/}}
}

@ARTICLE{Den74,
  author = {Dennard, R.H. and Gaensslen, F.H. and Rideout, V.L. and Bassous,
        E. and LeBlanc, A.R.},
  title = {Design of ion-implanted {MOSFET}'s with very small physical dimensions},
  journal = {Solid-State Circuits, IEEE Journal of},
  year = {1974},
  volume = {9},
  pages = {256-268},
  number = {5}
}

@ARTICLE{Moo65,
author={Moore, G.E.},
journal={Electronics},
title={Cramming More Components Onto Integrated Circuits},
year={1965},
volume={38},
number={8},
pages={114--117}
}

@article{MoleroJSTARS2014,
        author={J. M. Molero and E. M. Garz{\'o}n and I. Garc\'\i{}a E.S. Quintana-Ort\'{\i}
                and A. Plaza},
        title={Efficient implementation of hyperspectral anomaly detection techniques on {GPU}s and multicore processors},
        journal={IEEE Journal of Selected Topics in Applied Earth Observations and Remote Sensing},
        year={2014},
        note={To appear},
}

@article{bioucas2012hyperspectral,
  title={Hyperspectral unmixing overview: Geometrical, statistical, and sparse regression-based approaches},
  author={Bioucas-Dias, J. and Plaza, A. and Dobigeon, N. and Parente, M. and Du, Q. and Gader, P. and Chanussot, J.},
  journal=IEEEJSTARS,
  volume={5},
  number={2},
  pages={354--379},
  year={2012},
  publisher={IEEE}
}

@ARTICLE{blas3a,
AUTHOR = {Jack J. Dongarra and Du Croz, Jeremy and Sven Hammarling and
Iain Duff},
TITLE = {A Set of Level 3 Basic Linear Algebra Subprograms},
JOURNAL = TOMS,
VOLUME = 16,
NUMBER = 1,
PAGES = {1-17},
YEAR = 1990 }


@article{BLIS1,
   author      = {Field G. {V}an~{Z}ee and Robert A. {v}an~{d}e~{G}eijn},
   title       = {{BLIS}: A Framework for Rapidly Instantiating {BLAS} Functionality},
   journal     = {ACM Transactions on Mathematical Software},
   volume      = {41},
   number      = {3},
   pages       = {14:1--14:33},
   year        = {2015},
   issue_date  = {June 2015},
   url         = {http://doi.acm.org/10.1145/2764454},
}

@Article{BLIS2,
  author =       "Van Zee, Field G. and Smith, Tyler M. and Marker, Bryan and Low, Tze Meng and
                  van de Geijn, Robert A. and Igual, Francisco D. and Smelyanskiy, Mikhail
                  and Zhang, Xianyi and Kistler, Michael and Austel, Vernon and Gunnels, John and
                  Killough, Lee",
  title =        "The {BLIS} Framework: Experiments in Portability",
  journal =      "{ACM} Trans. Math. Soft.",
  year = {2014},
  note = {Accepted. Available at \url{http://www.cs.utexas.edu/users/flame}.}
}

@Article{BLIS4,
  author =       "Low, Tze Meng and Igual, Francisco D. and Smith, Tyler M. and 
                  Quintana-Ort\'{\i}, Enrique S.",
  title =        "Analytical modeling is enough for high performance {BLIS}",
  journal =      "{ACM} Trans. Math. Soft.",
  year = {2014},
  note = {In review. Available at \url{http://www.cs.utexas.edu/users/flame}.}
}

@inproceedings{BLIS3,
 author = {Smith, Tyler M. and van de Geijn, Robert and Smelyanskiy, Mikhail and Hammond, Jeff R. and Van Zee, Field G.},
 title = {Anatomy of High-Performance Many-Threaded Matrix Multiplication},
 booktitle = {Proc. IEEE 28th Int. Symp. on Parallel and Distributed Processing},
 series = {IPDPS'14},
 year = {2014},
 pages = {1049--1059},
} 

@inproceedings{AlonsoICPP12,
  author    = {P. Alonso and
               R. M. Badia and
               J. Labarta and
               M. Barreda and
               M. F. Dolz and
               R. Mayo and
               E. S. Quintana-Ort\'{\i} and
               Ruym{\'a}n Reyes},
  title     = {Tools for Power-Energy Modelling and Analysis of Parallel
               Scientific Applications},
  booktitle = {41st Int. Conf. on Parallel Processing -- ICPP},
  year      = {2012},
  pages     = {420-429}
}

@INPROCEEDINGS{Lak08, 
author={Lakshminarayana, N.B. and Hyesoon Kim}, 
booktitle={IEEE Int. Conf. Computer Design -- ICCD 2008}, 
title={Understanding performance, power and energy behavior in asymmetric multiprocessors}, 
year={2008}, 
pages={471--477}, 
}

@article{Kagstrom:1998,
 author = {K{\aa}gstr\"{o}m, Bo and Ling, Per and van Loan, Charles},
 title = {{GEMM}-based Level 3 {BLAS}: High-performance Model Implementations and Performance Evaluation Benchmark},
 journal = {ACM Trans. Math. Softw.},
 volume = {24},
 number = {3},
 year = {1998},
 issn = {0098-3500},
 pages = {268--302},
}

@misc{ACML,
  author = {AMD},
  year   = {2012},
  title = {{AMD} {C}ore {M}ath {L}ibrary},
  howpublished = {\url{http://developer.amd.com/tools/cpu/acml/pages/default.aspx}}
}

@misc{ESSL,
  author = {IBM},
  year   = {2012},
  title = {{E}ngineering and {S}cientific {S}ubroutine {L}ibrary},
  howpublished = {\url{http://www.ibm.com/systems/software/essl/}}
}

@misc{cublas,
  author = {NVIDIA},
  year   = {2014},
  title = {{CUDA} basic linear algebra subprograms},
  howpublished = {\url{https://developer.nvidia.com/cuBLAS}}
}

@misc{mkl,
  author       = {{Intel~Corp.}},
  year         = {2014},
  title        = {Intel Math Kernel Library ({MKL}) 11.0},
  howpublished = {\url{http://software.intel.com/en-us/intel-mkl}}
}


@Misc{OpenBLAS,
  key =          {{O}pen{BLAS}},
  OPTauthor =    {},
  title =        {Open{BLAS}},
  OPTmonth =     {},
  note =         {Last visit: July 2015},
  howpublished = {\url{http://xianyi.github.com/OpenBLAS/}},
  OPTannote =    {}
}

@Article{Goto:2008:AHP,
  author =       "Kazushige Goto and Robert A. van de Geijn",
  title =        "Anatomy of a High-Performance Matrix Multiplication",
  journal =      TOMS,
  volume =       "34",
  number =       "3",
  month =        may,
  year =         "2008",
  pages =        "12:1--12:25",
  URL =          "http://doi.acm.org/10.1145/1356052.1356053",
  abstract =     "We present the basic principles which underlie the high-performance implementation of the
                 matrix-matrix multiplication that is part of the widely used GotoBLAS library. Design decisions
                 are justified by successively refining a model of architectures with multilevel memories.
                 A simple but effective algorithm for executing this operation results. Implementations on a
                 broad selection of architectures are shown to achieve near-peak performance.",
}

@Article{Goto:2008:HPI,
  author =       "Kazushige Goto and Robert van de Geijn",
  title =        "High Performance Implementation of the Level-3 {BLAS}",
  journal =      TOMS,
  volume =       "35",
  number =       "1",
  month =        jul,
  year =         "2008",
  pages =        "4:1--4:14",
  URL =          "http://doi.acm.org/10.1145/1377603.1377607",
  abstract =     "A simple but highly effective approach for transforming high-performance implementations on
                 cache-based architectures of matrix-matrix multiplication into implementations of other commonly
                 used matrix-matrix computations (the level-3 BLAS) is presented. Exceptional performance is
                 demonstrated on various architectures.",
}

@inproceedings{atlas,
author      = "R. Clint Whaley and Jack J. Dongarra",
title       = "Automatically Tuned Linear Algebra Software",
booktitle   = "Proceedings of SC'98",
year        = "1998"
}

@TechReport{FLAWN74,
  author =       {Tze Meng Low and Francisco D. Igual and Tyler M. Smith and and Enrique S. Quintana-Ort\'{\i}},
  title =        {Analytical Modeling is Enough for High Performance {BLIS}},
  institution =  {Department of Computer Sciences, The University of Texas at Austin},
  year =         {2014},
  OPTkey =       {},
  OPTtype =      {},
  number =       {FLAWN \#74},
  OPTaddress =   {},
  note =         {Available at {\tt http://www.cs.utexas.edu/users/flame/}. Submitted to ACM Trans. Math. Softw.},
  OPTannote =    {}
}

@article{asymBLIS,
  author    = {Sandra Catal{\'{a}}n and
               Francisco D. Igual and
               Rafael Mayo and
               Rafael Rodr{\'{\i}}guez{-}S{\'{a}}nchez and
               Enrique S. Quintana{-}Ort{\'{\i}}},
  title     = {Architecture-Aware Configuration and Scheduling of Matrix Multiplication
               on Asymmetric Multicore Processors},
  journal = {ArXiv e-prints},
  volume    = {1506.08988},
  year      = {2015},
  url       = {http://arxiv.org/abs/1506.08988},
  timestamp = {Wed, 01 Jul 2015 15:10:24 +0200},
  biburl    = {http://dblp.uni-trier.de/rec/bib/journals/corr/CatalanIMRQ15},
  bibsource = {dblp computer science bibliography, http://dblp.org}
}

@inproceedings{OmpSsbigLITTLE,
  title={Criticality-Aware Dynamic Task Scheduling for Heterogeneous Architectures},
  author={Chronaki, Kallia and Rico, Alejandro and Badia, Rosa M and Ayguad{\'e}, Eduard and Labarta, Jes{\'u}s and Valero, Mateo},
  year={2015},
  booktitle="Proceedings of ICS'15"}
}

@Article{Quintana:2008:PMA,
  author =       "Gregorio Quintana-Ort{\'\i}  and Enrique S. Quintana-Ort{\'\i}
                  and Robert A. van de Geijn and Van Zee, Field G.  and Ernie Chan",
  title =        "Programming Matrix Algorithms-by-Blocks for
                  Thread-Level Parallelism",
  journal =      "{ACM} Transactions on Mathematical Software",
  volume =       "36",
  number =       "3",
  pages =        "14:1--14:26",
  year =         {2009}
}

@article{Augonnet:2011:SUP:1951453.1951454,
 author = {Augonnet, Cedric and Thibault, Samuel and Namyst, Raymond and Wacrenier, Pierre-Andre},
 title = {{StarPU}: A Unified Platform for Task Scheduling on Heterogeneous Multicore Architectures},
 journal = {Concurrency and Computation: Practice and Experience},
 volume = {23},
 number = {2},
 year = {2011},
 pages = {187--198}
} 

@INPROCEEDINGS{5470941, 
author={Tomov, S. and Nath, R. and Ltaief, H. and Dongarra, J.}, 
booktitle = {Proc. IEEE Symp. on Parallel and Distributed Processing, Workshops and Phd Forum (IPDPSW)},
title={Dense linear algebra solvers for multicore with {GPU} accelerators}, 
year={2010}, 
month={April}, 
pages={1-8}, 
}

@inproceedings{Gautier:2013:XRS:2510661.2511383,
 author = {Gautier, Thierry and Lima, Joao V. F. and Maillard, Nicolas and Raffin, Bruno},
 title = {{XKaapi}: A Runtime System for Data-Flow Task Programming on Heterogeneous Architectures},
 booktitle = {Proc. IEEE 27th Int. Symp. on Parallel and Distributed Processing},
 series = {IPDPS'13},
 year = {2013},
 pages = {1299--1308},
} 

@inproceedings{Gautier:2007:KTS:1278177.1278182,
	 author = {Gautier, Thierry and Besseron, Xavier and Pigeon, Laurent},
	  title = {KAAPI: A Thread Scheduling Runtime System for Data Flow Computations on Cluster of Multi-processors},
	   booktitle = {Proceedings of the 2007 International Workshop on Parallel Symbolic Computation},
	    series = {PASCO '07},
	     year = {2007},
	      isbn = {978-1-59593-741-4},
	       location = {London, Ontario, Canada},
	        pages = {15--23},
		 numpages = {9},
		  url = {http://doi.acm.org/10.1145/1278177.1278182},
		   doi = {10.1145/1278177.1278182},
		    acmid = {1278182},
		     publisher = {ACM},
		      address = {New York, NY, USA},
		       keywords = {cluster, data flow, multi-core, multi-processor, work-stealing},
} 
