@article{Abalenkovs,
	author      = {Abalenkovs, M. and Abdelfattah, A. and Dongarra, J. and Gates, M. and Haidar, A. and Kurzak, J. and Luszczek, P. and Tomov, S. and Yamazaki, I. and YarKhan, A.},
	title       = {Parallel Programming Models for Dense Linear Algebra on Heterogeneous Systems},
	booktitle   = {Supercomputing frontiers and innovations},
	institution = {Innovative Computing Laboratory, University of Tennessee},
	volume      = {Vol. 2, No. 4},
	pages       = {pp. 67-86},
	year        = {2015}
}

@inproceedings{Blumofe:Cilk,
	 author = {Blumofe, Robert D. and Joerg, Christopher F. and Kuszmaul, Bradley C. and Leiserson, Charles E. and Randall, Keith H. and Zhou, Yuli},
	  title = {Cilk: An Efficient Multithreaded Runtime System},
	   booktitle = {Proceedings of the Fifth ACM SIGPLAN Symposium on Principles and Practice of Parallel Programming},
	    series = {PPOPP '95},
	     year = {1995},
	      isbn = {0-89791-700-6},
	       location = {Santa Barbara, California, USA},
	        pages = {207--216},
		 numpages = {10},
		  url = {http://doi.acm.org/10.1145/209936.209958},
		   doi = {10.1145/209936.209958},
		    acmid = {209958},
		     publisher = {ACM},
		      address = {New York, NY, USA},
} 

@inproceedings{Frigo:Cilk,
	 author = {Frigo, Matteo and Leiserson, Charles E. and Randall, Keith H.},
	  title = {The Implementation of the Cilk-5 Multithreaded Language},
	   booktitle = {Proceedings of the ACM SIGPLAN 1998 Conference on Programming Language Design and Implementation},
	    series = {PLDI '98},
	     year = {1998},
	      isbn = {0-89791-987-4},
	       location = {Montreal, Quebec, Canada},
	        pages = {212--223},
		 numpages = {12},
		  url = {http://doi.acm.org/10.1145/277650.277725},
		   doi = {10.1145/277650.277725},
		    acmid = {277725},
		     publisher = {ACM},
		      address = {New York, NY, USA},
		       keywords = {critical path, multithreading, parallel computing, programming language, runtime system, work},
} 

@inproceedings{Leiserson:Cilk,
	 author = {Leiserson, Charles E.},
	  title = {The Cilk++ Concurrency Platform},
	   booktitle = {Proceedings of the 46th Annual Design Automation Conference},
	    series = {DAC '09},
	     year = {2009},
	      isbn = {978-1-60558-497-3},
	       location = {San Francisco, California},
	        pages = {522--527},
		 numpages = {6},
		  url = {http://doi.acm.org/10.1145/1629911.1630048},
		   doi = {10.1145/1629911.1630048},
		    acmid = {1630048},
		     publisher = {ACM},
		      address = {New York, NY, USA},
		       keywords = {Amdahl's Law, dag model, hyperobject, multicore programming, multithreading, parallel programming, parallelism, race detection, reducer, span, speedup, work},
} 

@inproceedings{agullo:hal-01120507,
	  TITLE = {{Bridging the Gap between Performance and Bounds of Cholesky Factorization on Heterogeneous Platforms}},
	    AUTHOR = {Agullo, Emmanuel and Beaumont, Olivier and Eyraud-Dubois, Lionel and Herrmann, Julien and Kumar, Suraj and Marchal, Loris and Thibault, Samuel},
	      URL = {https://hal.inria.fr/hal-01120507},
	        BOOKTITLE = {{Heterogeneity in Computing Workshop 2015}},
		  ADDRESS = {Hyderabad, India},
		    YEAR = {2015},
		      MONTH = May,
		        KEYWORDS = {Simulation ; Dynamic Schedulers ; Heterogeneous Resources ; Scheduling ; Resource Allocation ; Cholesky Factorization ; starpu-simgrid ; Dense Linear Algebra},
			  PDF = {https://hal.inria.fr/hal-01120507/file/Camera_ready.pdf},
			    HAL_ID = {hal-01120507},
			      HAL_VERSION = {v1},
}

@inproceedings{agullo:hal-01223573,
	  TITLE = {{Are Static Schedules so Bad ? A Case Study on Cholesky Factorization}},
	    AUTHOR = {Agullo, Emmanuel and Beaumont, Olivier and Eyraud-Dubois, Lionel and Kumar, Suraj},
	      URL = {https://hal.inria.fr/hal-01223573},
	        BOOKTITLE = {{IEEE International Parallel \& Distributed Processing Symposium (IPDPS 2016)}},
		  ADDRESS = {Chicago, IL, United States},
		    PUBLISHER = {{IEEE}},
		      YEAR = {2016},
		        MONTH = May,
			  KEYWORDS = {Cholesky ; Accelerators ; Heterogeneous Systems ; Runtime Systems ; Scheduling ; Unrelated Machines},
			    PDF = {https://hal.inria.fr/hal-01223573/file/heteroprioCameraReady-ieeeCompatiable.pdf},
			      HAL_ID = {hal-01223573},
			        HAL_VERSION = {v2},
}

@Misc{superglueweb,
	  key =          {{Superglue} project home page},
	    title =        {{Superglue} project home page},
	      howpublished = {\url{http://www.it.uu.se/research/scientific_computing/software/superglue}},
	        note         = {Last visit: August 2016},
		  OPTmonth =     {},
		    year =         {},
		      OPTnote =      {},
		        OPTannote =    {}
}

@article{tillenius:superglue,
	author = {Martin Tillenius},
	title = {SuperGlue: A Shared Memory Framework Using Data Versioning for Dependency-Aware Task-Based Parallelization},
	journal = {SIAM Journal on Scientific Computing},
	volume = {37},
	number = {6},
	pages = {C617-C642},
	year = {2015},
	doi = {10.1137/140989716},
	URL = { 
		        http://dx.doi.org/10.1137/140989716
	}

}

@article{tillenius:superglue2,
	 author = {Tillenius, Martin and Larsson, Elisabeth and Badia, Rosa M. and Martorell, Xavier},
	  title = {Resource-Aware Task Scheduling},
	   journal = {ACM Trans. Embed. Comput. Syst.},
	    issue_date = {January 2015},
	     volume = {14},
	      number = {1},
	       month = jan,
	        year = {2015},
		 issn = {1539-9087},
		  pages = {5:1--5:25},
		   articleno = {5},
		    numpages = {25},
		     url = {http://doi.acm.org/10.1145/2638554},
		      doi = {10.1145/2638554},
		       acmid = {2638554},
		        publisher = {ACM},
			 address = {New York, NY, USA},
			  keywords = {Dependency aware, dynamic scheduling, resource contention, task parallel},
} 


@Misc{quarkweb,
	  key =          {{QUARK} project home page},
	    title =        {{QUARK} project home page},
	      howpublished = {\url{http://icl.cs.utk.edu/quark}},
	        note         = {Last visit: August 2016},
		  OPTmonth =     {},
		    year =         {},
		      OPTnote =      {},
		        OPTannote =    {}
}

@techreport{icl:609,
	author      = {YarKhan, A. and Kurzak, J. and Dongarra, J.},
	title       = {QUARK Users' Guide: QUeueing And Runtime for Kernels},
	booktitle   = {University of Tennessee Innovative Computing Laboratory Technical Report},
	institution = {Innovative Computing Laboratory, University of Tennessee},
	year        = {2011}
}

@INPROCEEDINGS{Haidar,
	author={A. Haidar and C. Cao and A. Yarkhan and P. Luszczek and S. Tomov and K. Kabir and J. Dongarra},
	booktitle={Parallel and Distributed Processing Symposium, 2014 IEEE 28th International},
	title={Unified Development for Mixed Multi-GPU and Multi-coprocessor Environments Using a Lightweight Runtime Environment},
	year={2014},
	pages={491-500},
	keywords={data flow computing;graphics processing units;linear algebra;mathematics computing;parallel programming;resource allocation;GPU resources;Intel Xeon Phi coprocessors;Intel coprocessors;accelerator hardware;dataflow control;dense linear algebra applications;heterogeneous resources;lightweight runtime environment;mixed multiGPU multicoprocessor environments;multicore-CPU;multiuser environments;parallel execution;resource-specific workload management;serial code;task abstractions;two-way hybrid systems;unified algorithmic development;workloads handling;Coprocessors;Hardware;Linear algebra;Multicore processing;Programming;Runtime environment;dense linear algebra;hardware accelerators;runtime scheduling},
	doi={10.1109/IPDPS.2014.58},
	ISSN={1530-2075},
	month={May},}
