@Manual{diy-wiimotewhiteboard,
	Note = {\url{http://wyxs.net/web/wiiscan/}},
	Organisation = {{Public Primary School Rosa Boekdrukker}},
	author = {Schouten, Dirk},
	title = {{Do-it-yourself project to use a Wii remote controller, Wiiscan software and USB powering for a digital interactive whiteboard in classrooms}},
}

@Article{kinect-ita,
	Note = {\url{http://latemar.science.unitn.it/segue_userFiles/LITSA/Avancini_Mattia_138793_Thesis.pdf}},
	author = {Avancini, Mattia},
	title = {{Using Kinect to emulate an Interactive Whiteboard}},
	year = {{2012}},
}

@Article{wiki-int-blackb,
	Note = {\url{http://en.wikipedia.org/wiki/Interactive_whiteboard}},
	title = {{Wikipedia - Interactive whiteboard}},
	year = {{2014}},
}

@Article{openirs-ucm,
	Note = {\url{http://openirs-ucm.sourceforge.net/}},
	author = {López Orozco, José Antonio and Ignacio Gomez, José and García Sánchez, Carlos},
	title = {{OpenIRS-UCM}},
	year = {{2014}},
}

@Article{wiki-ultrasound,
	Note = {\url{https://en.wikipedia.org/wiki/Ultrasound}},
	title = {{Wikipedia - Ultrasound}},
	year = {{2014}},
}\textsl{}

@Article{wiki-infrared,
	Note = {\url{https://en.wikipedia.org/wiki/Infrared}},
	title = {{Wikipedia - Infrared}},
	year = {{2014}},
}

@Article{wiki-gps,
	Note = {\url{https://en.wikipedia.org/wiki/GPS}},
	title = {{Wikipedia - Global Positioning System}},
	year = {{2014}},
}

@Manual{lm555-datasheet,
	Note = {\url{http://www.ti.com/lit/ds/symlink/lm555.pdf}},
	title = {{LM555 - Timer DataSheet}},
	year = {2000},
}

@Manual{stm32f100rb,
	Note = {\url{http://www.st.com/st-web-ui/static/active/en/resource/technical/document/datasheet/CD00251732.pdf}},
	title = {{STM32F100RB - Microcontroller}},
	year = {2012},
}

@Manual{tsop1133,
	Note ={\url{http://pdf.datasheetcatalog.com/datasheets/restul/305097_DS.pdf}},
	title = {{Photo Module for PCM Remote Control Systems}},
	year = {2001},
}

@Manual{leapapi,
	Note = {\url{http://developer.leapmotion.com/documentation/java/api/Leap_Classes.html}},
	title = {{Leap Motion API reference}},
	year = {2014},
}

@Manual{procpapi,
	Note = {\url{http://www.processing.org/reference/}},
	title = {{Processing API reference}},
	year = {2014},
}

@Manual{leapmotiondevel,
	title = {{Leap Motion Development Essentials}},
	year = {2013},
	author = {Spiegelmock, Mischa},
	Note = {ISBN 978-84969-772-9}
}
